2850 4850
462 231 1168 317 ANTIQUARII
1241 231 2100 298 COLLECTANEA.
2439 248 2565 314 τις

326 366 631 428 Iuventio
659 367 925 448 corporis
966 349 1028 430 SJ
1058 363 1282 430 Oswini
1311 368 1584 448 martyris
1613 387 1770 430 anno
1794 366 1874 429 ab
1912 367 2037 446 ejus
2063 363 2323 450 passione

230 470 388 529 414.
420 473 596 515 anno
617 457 700 517 D.
737 458 858 517 106
866 473 922 536 5.
968 454 1187 537 quinto
1211 455 1303 518 Id.
1326 455 1553 518 Martii.

319 545 513 602 Auno
549 541 769 604 eodem
809 563 938 623 quo
965 563 1181 622 corpus
1230 545 1290 603 S.
1334 540 1554 605 Oswini
1583 541 1924 638 transsagun
1955 539 2058 614 est,
2111 507 2311 604 Thoi-
2334 559 2447 626 pag.
2475 562 2587 611 1⁸0.

231 624 353 688 tius
375 648 625 703 come3‚
660 630 848 711 Augl:
874 650 999 716 reg:
1029 624 1332 711 expulsus»,
1379 631 1542 712 apud
1572 629 1953 704 Balduinum,
1987 628 2313 693 Flandren-

223 710 708 789 semxcomitem,
754 719 927 797 cujus
957 717 1146 779 filiam
1173 716 1284 779 fibi
1313 716 1705 781 matrimonio
1726 718 2129 800 copulaverat,
2160 736 2309 778 exu-

223 802 398 867 lavit.
492 803 579 865 Et
637 801 899 886 sequenti
947 825 1107 866 anno
1149 806 1423 879 Haroldi,
1471 805 1621 888 regis
1655 806 1842 887 Angl:
1886 805 1946 868 δε
1974 802 2166 866 fratris
2196 802 2306 879 sui,

220 888 446 970 gladio
477 910 638 952 cum
685 897 1178 975 Norreganorum
1226 914 1360 975 rege
1411 892 1675 956 Haroldo
1708 896 1774 956 in
1817 892 1970 966 loco,
2016 890 2127 974 qui
2156 911 2303 954 tunc
2336 921 2562 1168 {stene-

221 975 698 1056 Stanfordbrid,
746 1000 905 1043 nunc
932 1002 1074 1045 vero
1093 984 1249 1042 Pons
1272 981 1413 1043 belli
1438 979 1681 1056 dicitur,
1728 976 1951 1043 occisus
1977 977 2082 1043 est.
2402 986 2554 1101 {0525-

963 1129 994 1161 o
2404 1115 2534 1171 belli.

216 1260 239 1326 l
309 1174 604 1325 Thgstio
632 1177 854 1243 comite
874 1178 1236 1265 praescriptO,
1282 1180 1583 1245 hereditas
1611 1181 1739 1262 ejus
1766 1179 1844 1242 ad
1880 1176 2090 1243 fiscum
2117 1178 2297 1242 devo-

242 1276 407 1326 utae
466 1311 485 1327 .

305 1353 467 1414 Gul:
504 1374 624 1416 rex
650 1353 815 1417 dedit
843 1356 1053 1419 comit:
1095 1356 1491 1420 Northumbr:
1526 1355 1841 1418 Rodberto
1885 1356 1959 1419 de
1984 1354 2293 1438 Mulbray,

218 1439 352 1500 viro
396 1438 798 1521 stemmatum
838 1445 1016 1526 longa
1061 1440 1201 1507 serie
1248 1444 1551 1528 generoso,
1618 1441 1837 1506 statura
1879 1446 2125 1528 quidem
2157 1464 2294 1529 pro-

215 1544 381 1601 cero,
430 1528 497 1590 δε
519 1530 799 1592 militaris
827 1530 1137 1612 probitatis
1165 1533 1450 1615 elegantia
1472 1528 1754 1616 glorioso.

301 1616 684 1680 Rodbertus
719 1618 1004 1701 Mulbray
1052 1623 1235 1703 coepit
1263 1619 1577 1698 Oswinum
1626 1619 1914 1694 excolere,
1959 1619 2017 1680 δε
2044 1617 2188 1682 eccl:
2232 1618 2294 1680 in

218 1697 345 1783 q'ua
374 1705 516 1783 ejus
545 1724 772 1788 corpus
799 1704 1222 1790 requiescebat,
1266 1710 1410 1790 quia
1454 1705 1608 1769 infra
1646 1708 1940 1772 ambitum
1966 1708 2095 1785 ejus
2122 1703 2291 1770 castri

185 1841 190 1846 .
219 1788 299 1850 de
324 1789 687 1854 Tiuemuth
715 1808 838 1856 erat
864 1793 1199 1858 fundorum
1223 1796 1282 1857 &
1310 1795 1682 1878 praediorum
1708 1799 1901 1877 copia,
1934 1796 2201 1870 donavit,
2231 1793 2291 1858 δε
2307 1814 2635 1883 [Tiamoutn

218 1880 566 1943 monachos
596 1878 673 1942 de
713 1884 779 1962 S,-
813 1882 1032 1961 Albani
1065 1882 1377 1962 monaster:
1419 1885 1742 1965 assumptos
1772 1882 1918 1945 inibi
1944 1882 2280 1945 collocavit.
2305 1882 2561 1932 monaster:

223 1965 418 2045 Cujus
451 1983 662 2030 tamen
693 1969 1003 2033 monaster:
1030 1972 1104 2033 de
1129 1975 1190 2034 T
1195 1971 1469 2034 inemuth
1491 1971 1677 2046 initia,
1700 1986 1773 2032 ut
1795 1970 2038 2045 dicitur,
2088 1989 2288 2033 comes
2303 1947 2601 2016 fundatum]

121 2104 135 2112 .
232 2051 542 2117 Thostius
557 2058 782 2136 jecerat
809 2055 843 2118 a
869 2056 1296 2122 fundamentis,

307 2142 563 2225 Corpus
595 2142 822 2207 Oswini
839 2147 1194 2210 transsatum
1211 2145 1278 2209 in
1300 2167 1531 2210 novum
1546 2143 1973 2210 monasterium
1995 2143 2072 2208 de
2095 2143 2285 2210 Tine·

220 2229 399 2290 muth
433 2251 598 2293 anno
627 2235 708 2294 D.
750 2252 774 2293 1
797 2252 820 2294 ι
841 2253 942 2295 10.
998 2254 1097 2317 13.
1128 2235 1259 2297 Cal.
1292 2236 1628 2317 Septembr.

217 2314 512 2463 T.¹‘¹s¹²l²
547 2321 828 2404 Coquedi
868 2322 977 2385 flu:
1020 2321 1180 2386 ostiis
1211 2311 1525 2407 praejacens
1565 2319 1740 2385 distat
1772 2340 1876 2388 20.
1923 2318 2063 2406 pass:
2093 2320 2218 2385 mil.
2250 2320 2285 2384 ἓι

277 2421 521 2468 lnemut
570 2454 587 2471 .
1422 2419 1428 2424 '
1620 2438 1629 2447 ·

299 2493 563 2559 Novum
589 2493 896 2562 castellum
919 2498 1069 2562 olim
1094 2496 1504 2563 Monkecester
1530 2496 1859 2585 dicebatur.

302 2581 663 2647 Rodbertus
695 2585 976 2649 tribunus
1006 2584 1268 2648 militum
1298 2588 1449 2650 Gul:
1484 2585 1740 2650 bastardi
1768 2584 1947 2671 regis·

301 2666 587 2752 Nigellus
631 2672 709 2736 de
753 2673 1048 2737 Albeneio
1099 2695 1255 2737 unus
1304 2675 1536 2739 ducum
1947 2671 2270 2739 LelanduS.
2684 2748 2693 2759 θ

222 2752 369 2818 Ευῑ.
402 2761 563 2841 regis
583 2778 728 2823 cum
753 2761 889 2824 effet
918 2762 982 2824 in
1014 2760 1274 2844 partibus
1305 2762 1532 2825 North·
1638 2760 1932 2844 :Nigenus
1973 2760 2149 2823 duxit
2190 2760 2379 2822 filiam
2406 2761 2466 2823 8:
2494 2759 2602 2827 he·

220 2840 421 2905 umbr:
466 2847 742 2929 Nigellus
787 2850 863 2912 de
893 2849 1096 2911 Waste
1127 2849 1291 2912 miles
1337 2848 1400 2912 in
1431 2870 1530 2912 eo·
1620 2848 2599 2924 redemMulbreiorum,unde‚re·

223 2924 356 2992 dem
387 2931 685 2997 comitatu
717 2937 1088 3023 propinquus
1116 2936 1406 3000 &charus
1423 2936 1534 3000 Ni·
1617 2935 1768 2998 licto
1805 2936 2080 2997 Albeneii
2116 2935 2372 3010 nomine,
2420 2937 2520 2999 ille
2541 2937 2600 2999 δε

222 3013 376 3096 gello
404 3021 725 3087 Albeneio.
1617 3025 1744 3105 ejus
1772 3023 2086 3107 progenies
2115 3018 2396 3089 Molbreii
2425 3010 2597 3090 dieti.

305 3106 658 3173 Leowricus
704 3131 852 3194 puer
900 3126 1181 3195 regnante
1224 3113 1531 3196 Stephano

215 3186 474 3267 piscator
502 3199 568 3259 in
598 3197 910 3283 monaster.
961 3204 1023 3262 S.
1042 3198 1268 3263 Oswini
1297 3203 1446 3262 inter
1468 3196 1810 3282 piscandum
1833 3196 2268 3280 Scardeburgae

225 3293 447 3358 captus,
494 3305 622 3366 quo
669 3304 939 3367 tempore
985 3287 1359 3369 Ranulphus,
1423 3307 1620 3351 comes
1649 3283 1985 3360 CestrenfiS,
2033 3282 2270 3359 summo

223 3380 389 3429 mane
415 3367 850 3454 superveuiem,
897 3372 993 3436 die
1022 3375 1283 3458 quadam
1312 3372 1515 3437 villam
1564 3372 1754 3456 ipsam
1781 3373 1858 3435 de
1889 3372 2267 3453 Scardeburg

223 3466 445 3520 armata
485 3454 668 3522 manu
706 3458 1021 3544 confregit,
1064 3463 1122 3525 &
1170 3460 1394 3545 rapinis
1423 3460 1682 3536 vastavit,
1729 3481 1797 3525 ac
1842 3461 1995 3523 inter
2033 3474 2262 3522 ceteros

225 3543 487 3620 captivos
538 3549 885 3634 Leowricus
931 3549 1256 3612 Maltonam
1310 3549 1372 3613 in
1407 3544 1657 3612 vinculis
1682 3548 1927 3619 ,ducitur
1968 3547 2082 3615 ὅτε.
2174 3547 2264 3620 Ut

231 3625 573 3696 Leowricus
600 3656 717 3718 ope
747 3639 809 3700 S.
839 3633 1061 3697 Oswini
1092 3635 1375 3699 liberatus
1401 3636 1476 3700 fit
1505 3636 1540 3700 ὲ
1566 3637 1839 3707 vinculis.

307 3717 655 3784 Ruelendus
679 3722 840 3808 prior
873 3723 949 3786 de
981 3723 1346 3789 Tinemuth.
1548 3762 1553 3767 ·
1736 3806 1739 3809 Ι
2272 3722 2391 3791 1³²8·
2415 3730 2539 3803 ¹8¹5

307 3807 610 3873 Robertus'
636 3811 711 3874 de
740 3810 1010 3872 Gorham
1031 3812 1211 3874 abbas
1237 3815 1306 3879 S.
1327 3812 1573 3877 Albani.

303 3892 705 3961 Faramauuus
735 3899 963 3961 institor
989 3901 1126 3962 novi
1156 3897 1394 3964 castelli.
2150 3971 2158 3980 ,

263 4060 277 4075 .
305 3979 619 4047 Potentum
650 3985 723 4049 de
742 3987 1146 4050 Nerthumbr:
1180 3987 1471 4070 potentiis:
1500 3983 1816 4062 Odiuellus
1845 3980 1921 4062 de
1952 3979 2250 4047 Umfrnm·

229 4062 357 4128 villa
387 4071 460 4132 ad
489 4071 704 4135 castelli
734 4071 823 4137 sui
854 4071 1201 4137 resartienda
1230 4076 1384 4137 tecta
1412 4072 1693 4151 indebitis
1721 4070 2138 4136 exactionibus
2165 4071 2257 4132 vi·

229 4148 379 4218 cinos
405 4156 537 4222 suos
584 4161 1003 4245 compellebat,
1051 4165 1109 4224 δε
1149 4178 1176 4208 a
1206 4164 1267 4224 in
1318 4179 1546 4235 eeteros
1602 4161 1846 4223 colonos
1889 4156 2151 4222 maxime
2184 4159 2254 4222 S.

231 4248 488 4325 martyris
518 4245 767 4311 Oswini.
856 4245 1093 4311 Ausum
1131 4263 1330 4329 autem
1355 4252 1514 4313 rami
1535 4246 1761 4327 sceleris
1790 4245 2028 4311 fovebat
2056 4243 2257 4323 impu·

235 4323 391 4411 nitas,
436 4333 579 4401 hinc
628 4338 772 4417 quia
806 4336 1117 4403 Odineflus
1155 4352 1485 4422 praepotens
1512 4350 1658 4413 etat,
1725 4335 1865 4398 hinc
1891 4330 2035 4417 quia
2066 4329 2259 4430 filiam
2314 4362 2319 4366 ·

561 4458 590 4491 a
623 4442 698 4492 An
720 4441 885 4493 inter?
1302 4429 1347 4487 P
1394 4441 1431 4489 2
1560 4512 1567 4519 ·
2130 4436 2260 4496 ejus
