2850 4850
343 167 468 226 112

921 99 2275 220 JoauwtsnnLannt

613 277 906 371 Axpara
932 270 1057 346 fiiia
1082 284 1417 342 materterae
1442 265 1700 331 Etherii

663 360 941 427 Etherius
959 379 1088 432 rex,
1118 358 1227 440 qui
1257 372 1380 420 erat
1402 378 1646 419 manens
1680 354 1743 418 in
1768 350 2079 418 Britannia
2108 348 2380 437 Anglica,
2416 337 2647 416 admo-4

576 452 740 517 nitus
762 445 902 523 fuit,
950 462 1020 510 ut
1062 446 1436 509 Demetriarn
1474 459 1734 508 matrem
1762 458 1994 507 curaret
2041 439 2265 506 sacroa
2283 459 2640 525 regeneran-

577 540 718 605 dam
740 537 931 611 fonte,
979 534 1044 598 id
1071 533 1237 616 quod
1267 531 1425 596 fecit.

447 641 458 650 ’
519 663 534 672 ·
593 651 602 657 ³
668 623 969 697 Etherius,
1015 619 1221 684 relicta
1250 616 1574 696 Britannia,
1640 615 1944 701 profestos
1972 615 2075 680 est
2117 616 2361 680 obviarn
2398 612 2646 677 Ursulae

505 711 514 720 ”
576 711 777 788 uxori,
823 731 943 773 una
966 728 1107 771 cum
1134 705 1464 782 Demetria,
1510 708 1569 769 δε
1597 703 1934 770 Florentius
1963 704 2208 788 parvula
2236 702 2433 768 sorore
2464 700 2592 765 sua.

643 802 948 878 Clemens
971 792 1282 879 episcopus
1319 814 1519 858 comes
1548 792 1806 858 Etherii.

667 887 890 955 Albina
917 884 995 947 &-
993 883 1344 954 Emerentia
1361 879 1585 945 sorores
1606 880 1748 945 filiae
1774 878 2079 945 Aureliani
2109 877 2509 943 comitis..

667 973 974 1062 Adrianus
1004 971 1164 1035 filius
1192 967 1503 1052 cujusdam
1536 967 1733 1055 reguli
1761 989 1963 1033 comes
1991 967 2229 1032 Albmae
2266 967 2330 1031 δε
2352 969 2644 1031 Emeren·

585 1063 800 1138 tiassaeo-

1488 1142 1823 1249 Inscriptio,

666 1234 887 1303 Saneta
918 1234 1119 1302 Geras
1125 1257 1219 1309 na
1267 1256 1409 1317 quae
1442 1234 1622 1296 duxit
1640 1234 1899 1315 virgines
1918 1228 2124 1307 sacraS,
2164 1228 2369 1316 regina
2393 1227 2645 1294 Siciliae.

666 1324 902 1401 Babila‚
934 1317 1192 1405 Juliana,
1223 1323 1447 1400 Aurea,
1476 1322 1534 1385 &
1556 1320 1825 1386 Vidloria
1842 1318 2065 1384 sorores
2092 1340 2161 1382 ac
2182 1318 2435 1383 comites
2452 1320 2647 1381 Adri·

594 1409 899 1490 annfiliae
921 1410 1225 1475 Gerafinae
1349 1459 1372 1468 ..

594 1434 1039 1586 ainntianus
1071 1513 1374 1582 tyrannus,
1407 1493 1710 1620 Gerafinae
1741 1497 2013 1573 maritus,
2048 1516 2152 1580 per
2183 1492 2537 1558 Gerafinam
2561 1512 2647 1558 ex.

584 1591 656 1656 lu
758 1588 838 1652 fit
859 1587 1010 1654 ovis.
1099 1619 1124 1632 ··

656 1610 1010 1739 Ρὲετειίίοει
986 1677 1045 1738 in
1068 1672 1377 1738 Britannia
1397 1689 1550 1750 orta,
1580 1673 1638 1736 <Sc
1659 1689 1781 1736 erat
1799 1663 1963 1735 soror
1982 1674 2043 1736 S.
2062 1659 2333 1734 Maur-isti
2353 1665 2651 1754 episcopi,

590 1764 649 1829 δι
676 1765 883 1828 Dariae
912 1764 1112 1826 matris
1143 1766 1204 1825 S.
1239 1761 1489 1825 Ursulae.

680 1847 1243 1924 Gerafina,re116to
1273 1870 1479 1934 regn0,
1511 1848 1661 1926 filio,
1691 1848 1749 1912 δε
1777 1845 2012 1912 duabus
2043 1843 2253 1928 puellis
2280 1864 2423 1908 cum
2454 1864 2518 1923 4.
2549 1864 2644 1906 re·

600 1938 791 2023 liquis
827 1936 1070 2001 filiabus
1107 1936 1476 2000 Britanniam
1544 1936 1741 2020 petiit,
1812 1952 1881 1999 ut
1913 1932 2192 2000 Ursulum
2228 1933 2644 2007 comitaretur,

597 2023 624 2075 b
661 2040 771 2089 aut
789 2024 991 2109 potius
1019 2041 1089 2088 ut
1117 2022 1176 2089 se
1204 2026 1465 2089 ducem
1451 2025 1642 2089 itineri
1670 2022 2002 2090 exhiberet.

683 2114 991 2177 Maximus
1039 2114 1098 2176 81
1143 2109 1479 2188 Africanus,
1525 2114 1707 2176 duces
1751 2113 2034 2183 Romani,
2079 2109 2351 2174 videntes
2388 2107 2652 2172 chorum

597 2202 905 2286 virginum
950 2203 1013 2265 in
1061 2193 1280 2285 justam
1321 2215 1344 2247 ⁶
1366 2201 1695 2264 exaustum
1749 2198 2219 2272 multitudinem,
2280 2218 2360 2259 ne
2405 2198 2469 2260 in
2506 2196 2649 2259 reli·
2739 2270 2745 2276 ⁴

598 2292 780 2373 gione
813 2287 1147 2351 Christiana
1174 2288 1533 2364 evincerent,
1573 2287 1826 2367 Julium,
1870 2287 2087 2350 ducem
2117 2291 2504 2360 Hunnorum,
2540 2301 2655 2367 pet

600 2376 828 2441 literas
846 2374 1142 2451 admonet,
1197 2393 1267 2440 ut
1310 2376 1546 2441 turbam
1595 2372 1810 2462 gladiis
1855 2397 1890 2438 e
1914 2373 2127 2440 medio
2166 2371 2197 2420 d
2217 2373 2531 2448 tollerent-3
2583 2369 2649 2436 id

602 2463 792 2551 quod
818 2466 876 2526 8c
909 2463 1176 2527 Coloniae
1196 2463 1424 2529 fastum
1452 2464 1557 2530 est.

690 2554 893 2636 Caput
920 2554 1169 2615 Verenae
1197 2552 1340 2615 olim
1371 2548 1666 2635 sepultum
1706 2555 1767 2616 in
1796 2548 2107 2619 Eluinstat·

1214 2644 1313 2705 De
1340 2638 1570 2704 Ursulae
1598 2639 1931 2724 sepulchro.

686 2730 831 2793 Non
859 2725 943 2789 est
971 2727 1239 2793 levatum
1265 2720 1484 2814 corpus
1511 2731 1562 2813 ej
1568 2751 1640 2792 us
1669 2750 1943 2814 unquam
1970 2726 2140 2832 super
2165 2721 2397 2802 terram,
2451 2726 2602 2790 nifi
2586 2748 2651 2792 m

602 2813 818 2880 diebus
847 2808 986 2892 istis,
1031 2815 1090 2879 &
1117 2838 1254 2880 vere
1283 2816 1405 2880 illic
1432 2814 1535 2892 est,
1584 2816 1693 2880 ubi
1724 2812 1987 2881 servat-ur
2015 2821 2142 2899 ejus
2170 2813 2651 2900 superscriptio

1111 2905 1312 2971 Verba
1340 2904 1572 2968 Ursulae
1600 2907 1676 2969 ad
1700 2903 2120 2970 Elisabethatn.

692 2993 826 3076 Ego
853 2987 989 3056 sum
1016 2988 1246 3070 Ursula,
1294 2995 1353 3056 δε
1384 2994 1515 3057 haec
1548 3013 1685 3077 quae
1716 3015 1954 3059 mecum
1968 2992 2093 3094 ‘stat
2121 2991 2280 3057 soror
2308 2990 2555 3054 Verena
2567 2986 2651 3053 est

606 3075 733 3141 filia
763 3079 958 3163 patrui
986 3079 1107 3144 mei
1137 3079 1445 3165 cujusdam
1474 3080 1755 3166 principis
1785 3078 2008 3167 magni.

693 3166 1023 3251 Aquilinus
1065 3189 1134 3247 4.
1186 3164 1308 3251 post
1336 3169 1673 3232 Martinum
1720 3171 1959 3252 praefuit
1989 3167 2329 3234 Coloniensi
2368 3164 2648 3246 ecclefiae,

417 3298 426 3305 ,
545 3270 548 3273 ’
608 3274 738 3338 quo
773 3270 1037 3339 tempore
1059 3257 1336 3337 undecim
1362 3256 1627 3337 cecidere
1655 3258 1839 3323 millia
1867 3260 2184 3342 virginum.

301 3402 425 3496 vrag:
452 3421 474 3456 ι
485 3419 565 3467 ⁷5·

701 3340 752 3404 F
753 3340 1009 3406 oillanus
1056 3345 1114 3406 &
1160 3345 1500 3428 Simplicius
1540 3342 1797 3431 episcopi
1836 3346 2198 3431 Aquilinum
2241 3310 2651 3409 coloniensem

611 3432 946 3511 certiorem
953 3429 1198 3499 faciunt
1189 3432 1292 3567 de
1297 3435 1568 3585 adgeri&
1597 3433 1846 3587 grstia:-
1849 3436 1909 3498 &
1935 3434 2258 3519 virginum.
2312 3478 2323 3483 1

700 3607 1032 3710 Tyrannus
1062 3611 1387 3673 Hunorum
1415 3610 1612 3689 Julius
1641 3610 1974 3685 admonuit,
2027 3627 2108 3687 et,
2154 3611 2364 3677 relisto
2393 3592 2657 3684 Christo

610 3694 722 3761 fibi
752 3697 812 3760 &
838 3692 997 3759 suis
974 3718 1388 3780 jungeremur.
1453 3700 1628 3761 Unde
1649 3698 1974 3762 recusantes
1991 3700 2231 3783 occidit.
2295 3703 2432 3784 Ego
2448 3712 2660 3763 autem
2730 3714 2735 3722 ·
2804 3668 2805 3705 ³

610 3783 739 3848 istu
769 3780 1038 3866 sagittae
1024 3805 1088 3845 m
1116 3785 1294 3848 corde
1314 3804 1454 3848 meo
1478 3786 1737 3869 percuss'a
1767 3783 1917 3850 sum.

699 3869 1032 3957 Aquilinus
1072 3868 1298 3936 solicite
1339 3890 1676 3957 martyrum
1721 3872 1937 3937 funera
1981 3874 2241 3954 curavit,-
2274 3875 2358 3939 &
2406 3893 2652 3959 corpora
2706 3913 2711 3917 ·
2804 3912 2805 3923 κ

614 3971 787 4020 terrae
811 3950 1115 4022 traddidit.
1277 3983 1317 4028 C

692 4046 882 4121 Paulo
909 4046 1039 4145 post
1068 4049 1232 4113 venit
1258 4051 1598 4128 Dematius,
1628 4051 1715 4115 vir
1745 4051 2113 4129 venerabilis,
2163 4068 2224 4119 et
2252 4052 2391 4119 tulit
2412 4040 2653 4135 corpora

667 4234 709 4268 a
743 4221 1138 4289 Regenerandum
1160 4223 1283 4277 MS.
1346 4223 1372 4276 b
1407 4229 1475 4278 Ut
1494 4226 1618 4278 MS.
1684 4242 1708 4277 c
1740 4228 2004 4280 Exauctam
2028 4227 2151 4282 MS.
2218 4228 2249 4278 d
2282 4231 2364 4281 To
2367 4225 2518 4276 terent
2539 4218 2651 4283 ΜΞ,

2353 4308 2655 4395 quaedam,
