2850 4850
678 172 782 251 De
815 164 1011 234 Rebar
1033 165 1376 254 Anglicanis
1421 142 1694 252 Optgsculd
1734 161 1946 239 Varim

506 430 519 439 “
568 467 573 477 ,
637 413 760 479 His'
791 392 1093 495 Mqibsty’s
1126 406 1371 488 Answer
1413 417 1475 469 to
1520 406 1634 503 z‘bee⁶
1660 405 2024 493 Univetfityj

789 556 823 630 [
866 553 1045 613 From
1099 547 1201 611 the
1245 545 1401 613 same
1434 543 1778 615 Co'lleffion.
1824 550 1861 627 ]

480 710 867 800 Jacdssus
917 720 1119 786 REX.

406 843 628 921 Acon
656 859 775 915 σε,
820 839 935 898 Dei
986 839 1200 919 gratia,
1268 839 1514 919 Magnae
1554 836 1902 913 Britanniae‚
1937 838 2231 917 -Franciae,
2290 852 2356 901 et

448 929 746 990 Hiberniae
774 925 931 999 Rex,
981 926 1147 987 Fidei
1180 922 1489 998 Defensor,
1537 926 1649 987 &c.
1699 928 2037 988 Academiae
2065 926 2349 990 Cantabr.

301 1016 634 1087 communi,
662 1011 946 1074 ‘salutem
1038 1013 1101 1074 Si
1142 1013 1243 1092 jus
1274 1013 1522 1074 civitatis
1564 1013 1837 1093 impetret
1869 1014 1903 1074 a
1935 1015 2104 1076 nobis
2134 1018 2352 1077 Cante-

303 1101 524 1183 brigia,
554 1100 854 1174 veremini,
894 1120 965 1162 ne
993 1103 1218 1161 aemulae
1246 1101 1410 1161 urbis
1439 1101 1700 1180 potentia
1726 1098 2030 1172 crescente,
2065 1103 2353 1164 miniatur
2425 1152 2428 1159 ,

305 1189 625 1251 academiae
655 1185 949 1251 securitas,
1041 1191 1146 1248 Sat
1195 1203 1320 1248 erat
1364 1187 1527 1268 apud
1564 1206 1692 1259 n05‚
1743 1205 1934 1251 metus
1982 1187 2151 1249 vestri
2196 1190 2353 1251 indi·

305 1278 469 1337 cium
493 1275 702 1349 fecisse,
734 1295 842 1336 nec
863 1274 1023 1335 enirn
1049 1290 1169 1335 tam
1191 1274 1357 1355 vobis
1377 1277 1650 1336 convenit
1673 1277 1992 1339 academiae
2021 1277 2351 1357 periculum

308 1364 635 1446 deprecari,
681 1363 863 1444 quam
916 1362 1086 1423 nobis
1133 1360 1339 1444 sponte
1380 1359 1594 1437 nostra,
1642 1365 1933 1446 quicquid
1973 1366 2034 1425 in
2078 1359 2352 1445 speciem,

239 1512 243 1519 ,
307 1449 403 1514 illi
433 1449 679 1515 noxium
711 1448 803 1524 fit,
851 1463 1132 1512 avertere.

318 1600 327 1609 ,
399 1537 709 1600 Glorietur
758 1535 900 1599 urbs
951 1537 1071 1611 illa,
1118 1531 1177 1597 se
1211 1535 1246 1597 εὶ
1295 1537 1618 1615 majoribus
1657 1536 1865 1599 nostris
1914 1537 2055 1598 olim
2100 1534 2349 1601 electam

313 1617 986 1700 doctrinarum'sedem,
1055 1625 1424 1707 ingeniorum
1472 1621 1800 1705 officinam,
1836 1622 2129 1707 sapientiae
2178 1626 2351 1707 palae-

314 1711 540 1775 stram:
588 1711 880 1793 quicquid
931 1711 1022 1773 his
1070 1713 1258 1772 titulis
1303 1711 1445 1773 addi
1494 1714 1705 1792 potest,
1768 1713 1966 1774 minus
2014 1712 2116 1777 est.
2208 1716 2351 1776 Non

273 1798 656 1875 ‚honestatur
706 1798 937 1883 plebeia
974 1799 1229 1861 civitatis
1275 1799 1686 1880 appellatione,
1754 1797 2055 1862 musarum
2104 1801 2352 1863 domici-

282 1888 484 1959 lium,
530 1888 621 1950 vel
670 1883 1203 1949 saneliteratorum
1249 1887 1485 1948 dicatur
1527 1889 1754 1961 civitaS,
1801 1888 1890 1948 vel
1923 1888 2090 1968 quod
2120 1890 2182 1949 in
2214 1888 2353 1951 villa

313 1976 556 2036 nomine
598 1974 715 2036 vile
759 1971 863 2048 est,
922 1973 1249 2035 incolarum
1294 1989 1531 2056 tegatur
1586 1975 1944 2035 celebritate.
2036 1978 2181 2036 Haec
2230 1977 2356 2055 eJ‘us

315 2061 435 2123 fint
464 2061 787 2145 privilegia,
833 2060 1186 2143 dignitatem
1211 2061 1527 2123 academiae
1551 2064 1796 2123 comiter
1824 2060 2150 2137 observare,
2182 2065 2355 2143 cujus

318 2146 675 2231 frequentia,
707 2146 865 2210 fasta
884 2146 988 2223 est,
1021 2145 1199 2231 seipsa
1221 2149 1409 2228 major
1435 2174 1452 2223 ;
1488 2146 1794 2211 affluentes
1817 2148 2108 2211 bonarum
2134 2152 2355 2213 artium

317 2232 609 2299 studiosos
653 2237 839 2298 amice
871 2236 1159 2318 excipere,
1207 2256 1466 2317 quorum
1504 2233 1794 2300 concursu
1823 2238 2007 2298 ditata
2053 2235 2174 2311 est;
2223 2239 2357 2300 lite-

306 2343 523 2389 rarum
567 2324 824 2407 denique
853 2321 1072 2385 honori
1108 2325 1386 2400 ancillari,
1434 2325 1593 2387 unde
1637 2326 1757 2385 haec
1784 2324 1872 2385 illi
1902 2340 2037 2386 nata
2075 2324 2158 2386 est
2205 2321 2359 2387 faeli-

316 2414 486 2476 citaS.
575 2413 690 2475 Hae
716 2425 867 2473 artes
888 2408 1113 2493 quibus
1135 2413 1322 2473 crevit
1350 2413 1635 2484 tenendae,
1684 2432 1801 2473 non
1832 2412 2182 2495 aucupanda
2211 2415 2357 2476 titu-

317 2500 522 2561 lorum
569 2500 816 2590 novitas,
861 2500 1067 2561 incerti
1103 2513 1369 2561 eventuS.
1461 2488 1713 2562 Facessat
1756 2500 2051 2582 popularis
2082 2502 2360 2565 vocabuli

294 2585 525 2661 ·fastuS,
590 2579 750 2647 unde
793 2600 951 2647 certa
999 2587 1227 2647 oriatur
1275 2586 1665 2649 aemulationis
1718 2586 2032 2665 neceffitaS,
2091 2608 2233 2671 quae
2286 2609 2360 2651 eo

322 2675 561 2754 turpior
589 2674 726 2736 urbi
767 2672 848 2734 est
877 2670 1101 2746 futura,
1147 2695 1276 2755 quo
1324 2674 1529 2753 majori
1556 2694 1697 2756 erga
1724 2674 2085 2737 academiam
2123 2675 2208 2737 est
2250 2676 2361 2739 ob·-

320 2760 525 2823 stric'ca
572 2755 912 2830 reverentia.
1000 2759 1300 2822 Nolumus
1342 2759 1571 2824 sacrum
1607 2760 1756 2823 illud
1785 2761 2084 2825 musarum
2113 2760 2360 2842 asylum,

323 2848 545 2911 minaci
595 2847 859 2930 praetoris
910 2843 1044 2910 ense
1096 2850 1386 2922 temerari,
1440 2869 1547 2910 nec
1589 2847 1846 2930 strepere
1899 2849 2103 2913 tetrica
2147 2849 2362 2924 edicta,

292 2973 305 2980 ·
324 2936 436 2999 ubi
465 2931 686 3018 septem
731 2936 1003 3017 geminus
1029 2934 1201 2998 vestri
1229 2936 1394 2999 chori
1418 2936 1666 2999 auditur
1692 2953 2033 2999 concentus..
2100 2940 2251 2999 Satis
2281 2935 2370 3000 est

306 3025 388 3086 ‘in
433 3038 630 3085 vetere
670 3023 932 3106 purpura
972 3023 1250 3097 invidiae3
1298 3041 1454 3085 nova
1483 3043 1727 3106 pompa,
1771 3038 1889 3086 tam
1915 3026 2000 3086 illi
2048 3021 2252 3087 futura
2280 3024 2365 3087 est

325 3109 701 3191 supervacua,
747 3129 931 3192 quam
984 3112 1154 3172 vobis
1206 3107 1488 3192 suspecta.
1578 3114 1647 3173 In
1699 3110 1892 3174 nostra
1940 3110 2119 3174 solius
2179 3114 2366 3175 tutela

325 3196 432 3270 est,
482 3195 610 3277 post
656 3199 856 3259 Deum
884 3212 1012 3278 opt.
1061 3217 1222 3260 max.
1256 3198 1406 3259 alma
1453 3193 1827 3260 scientiarum
1869 3215 2101 3261 mater:
2164 3198 2368 3262 nostro

325 3281 630 3364 fovebitur
672 3281 921 3365 sceptrO,
967 3282 1241 3349 indefessa
1272 3286 1400 3363 ejus
1448 3282 1808 3348 foecunditas
1854 3308 1975 3349 non
2004 3287 2260 3349 abortiet
2290 3287 2369 3349 ad

330 3372 605 3453 proetorii
633 3369 809 3453 gladii
843 3371 1212 3434 terriculum.
1305 3370 1556 3434 Nullum
1603 3373 1843 3435 honoris
1873 3374 2116 3440 titulum
2149 3378 2368 3437 Cante-

330 3459 539 3540 brigiae
570 3456 989 3540 indulgemus,
1059 3460 1185 3541 qui
1220 3478 1360 3521 cum
1410 3460 1726 3521 academiae
1776 3458 2173 3523 sollicitudine
2227 3482 2375 3523 con·

257 3615 263 3622 ,
321 3545 583 3625 junctus
602 3543 695 3605 fit.
786 3544 1013 3608 Valere.
1104 3547 1247 3609 Dat.
1303 3541 1338 3607 ὲ
1369 3547 1591 3629 palatio
1618 3545 1820 3609 nostro
1849 3547 2370 3626 Westmonasterii,

331 3636 573 3716 Qarto
616 3629 866 3694 Kalend.
917 3633 1140 3707 Martii,
1215 3641 1401 3695 Anno
1452 3637 1639 3696 Dom.
1685 3634 2005 3698 Millefimo
2054 3639 2373 3699 Sexcentc-

331 3716 487 3786 fimo
515 3720 768 3784 Decimo
795 3722 1004 3790 Sexto.
1075 3720 1418 3792 concordat
1447 3741 1589 3787 cum
1619 3723 1928 3805 Originali·
1973 3723 2058 3786 ita
2087 3721 2330 3801 Testor,

1508 3807 1653 3891 Joh.
1688 3812 1850 3876 Scot.
1884 3812 2099 3876 Notar.
2131 3811 2288 3880 Pub.

2283 4349 2424 4429 ‘Ilm
