2850 4850
368 231 1091 318 ANTIQUARII
1162 227 2014 326 COLLECTANEA.
2395 231 2475 318 ⁶2

245 367 552 453 Epistolae
587 363 812 430 Sidonii
842 362 1224 445 Apollinaris.

244 457 553 540 Epistolae
588 449 955 537 Symmachi.

241 544 577 607 Undecim
598 542 738 604 libri
765 559 969 603 rerum
991 533 1265 600 senilium
1292 533 1623 598 Petrai-chi.

244 630 581 695 Collutius
608 628 835 692 Pierius
866 623 1166 687 Salutatus
1195 623 1270 685 de
1295 620 1424 685 fato
1451 622 1509 685 ἃ
1534 620 1798 689 fortuna.

242 717 556 801 Epistolae
580 717 722 779 Lini
737 709 987 777 Collutii
1012 710 1260 773 Salutati
1267 709 1599 792 ,quondam
1617 709 1945 774 cancellarii
1961 706 2232 772 Florem.

243 805 520 869 Collutii
566 801 745 867 Pierii
785 801 1032 863 Salutati
1062 797 1351 861 trastatus
1378 798 1457 860 ad
1487 798 1821 861 Antonium
1846 797 1921 862 de
1940 793 2230 862 Branffal·

158 893 273 967 dis,
324 909 405 955 ut
438 890 675 955 medici
698 888 966 952 studeant
994 886 1371 969 eloquentiae.

242 981 434 1044 Idem
467 1001 555 1043 an
577 975 932 1042 verecundia
960 974 1032 1036 fit
1059 976 1247 1036 virtus
1275 994 1349 1034 an
1381 971 1653 1035 vitium?
1766 965 1773 972 ’
2257 987 2376 1038 Gul.
2401 990 2545 1039 War-

248 1066 564 1150 Epistolae
595 1065 731 1129 Lini
761 1063 1013 1128 Collutii
1043 1061 1292 1124 Salutati
1321 1061 1396 1125 de
1419 1062 1732 1144 StignanO.
2248 1051 2363 1169 Ῑὲἒῗζῑ
2374 1054 2533 1170 {103138

248 1153 556 1238 Epistolae
587 1152 888 1216 Leonardi
909 1148 1166 1214 Aretini.
2252 1183 2420 1252 colleg.

250 1241 590 1307 Orationes
616 1237 896 1324 ejusdem.

760 1354 860 1414 Ex
894 1346 1078 1413 indice
1104 1344 1393 1428 cujusdam
1421 1345 1676 1410 librarii.

260 1449 654 1517 Ternarium
684 1447 934 1510 Odonis.

257 1539 509 1612 Petrus»,
555 1538 729 1611 Brior
770 1537 831 1597 S.
860 1530 1179 1637 Trinitatis
1198 1529 1490 1616 Londini‚
1535 1528 1614 1595 de
1634 1531 2006 1618 reparatione
2025 1530 2241 1617 lapsus,

170 1624 410 1710 justum
437 1624 755 1690 volumen.

733 1723 1054 1808 Sarisbiriae
1079 1721 1238 1805 apud
1261 1721 2375 1806 Praedicatore1.ra.g
2398 1743 2485 1799 64.

264 1820 615 1911 Qolibeta
643 1817 879 1886 Nicolai
910 1819 1168 1882 Triveti.

266 1914 404 1974 Leo
438 1930 600 1994 papa
627 1908 702 1970 de
730 1904 1014 1971 conflictu
1043 1905 1331 1968 vitiorum
1356 1906 1415 1969 &
1443 1905 1759 1969 virtutum.

268 1996 546 2061 Historia
587 1996 926 2059 Britannica
968 1991 1256 2058 mediocri
1294 1995 1561 2056 carmine
1600 1991 1809 2076 scripta
1855 2015 1888 2055 a
1933 1998 2129 2060 Bruto
2170 1999 2247 2061 ad

191 2085 722 2159 Caduualadrum,
753 2084 979 2146 incerto
995 2096 1225 2159 autore,
1257 2079 1354 2145 fed
1384 2079 1496 2164 qni
1518 2076 1751 2145 secutus
1777 2078 1860 2144 est
1884 2083 2250 2152 Galfredum

194 2168 741 2238 Monernutensem.

574 2279 915 2357 Cernelium,
966 2277 1140 2365 [five
1166 2281 1365 2356 Cerne,
1411 2302 1551 2346 com.
1582 2279 1851 2361 Dotstt]
2262 2294 2360 2364 Pag
2400 2302 2485 2356 σς.

278 2461 379 2522 Ex
421 2457 783 2527 fundatione
827 2404 1098 2532 Λὶἱωέτῐ,
1144 2455 1382 2518 comitis
1411 2456 1754 2532 Cornubiae,
1805 2470 2073 2540 tempore
2094 2457 2245 2565 AE3d·

203 2547 325 2629 gari
350 2546 534 2634 regis,
581 2543 849 2630 sepultus
869 2542 952 2609 est
972 2545 1321 2628 Egneshami
1350 2564 1536 2626 prope
1564 2545 1895 2611 Oxonium.

945 2653 1046 2712 Ex
1076 2651 1272 2713 veteri
1298 2647 1508 2713 Codice.

286 2749 688 2817 Athelbaldus
708 2749 767 2815 ἃ
784 2748 1090 2823 Ailbertus
1117 2770 1304 2833 rega,
1351 2748 1463 2814 filii
1489 2749 1768 2855 Atulphi‚
1815 2748 2027 2837 sepulti
2047 2750 2248 2818 Shire·

206 2833 430 2905 burniae
459 2839 539 2905 ab
569 2834 893 2909 Alchstano
919 2835 1215 2919 episcopo,
1262 2857 1476 2903 eornm
1500 2840 1870 2923 propinquo.

289 2927 446 2988 Fons
480 2929 541 2991 S.
566 2924 895 3009 Augustini
924 2923 1205 2988 Cernelii.

289 3015 451 3078 Ante
518 3034 732 3087 novam
802 3006 1216 3083 fundationem
1284 3012 1545 3077 Cernelii
1595 3028 1828 3076 tantum
1888 3027 2014 3076 erat
2065 3012 2259 3079 trium

216 3102 645 3252 ιὲιοῑιαώοῖιιιῐι
682 3099 1112 3178 coenobiolum,
1171 3099 1279 3163 ubi
1315 3120 1474 3166 nunc
1516 3099 1600 3165 est
1642 3101 1995 3184 parochialis
2019 3101 2257 3166 ecclefia

264 3207 295 3248 e
320 3190 513 3252 Cerne
539 3230 556 3249 .

296 3298 386 3355 Ex
401 3296 580 3360 libello
599 3295 668 3359 de
684 3297 820 3359 vita
845 3300 906 3360 S.
926 3294 1184 3360 Edwoldi
1187 3297 1455 3377 ,fratris
1478 3299 1540 3360 S.
1555 3296 1841 3360 Edmundi
1855 3300 2167 3382 martyris.

182 3454 188 3461 ,
272 3392 688 3457 Eaduualdus
734 3395 911 3457 duxit
939 3396 1119 3457 vitam
1149 3394 1554 3457 heremiticam
1600 3397 1659 3458 in
1694 3398 1994 3481 provincia
2028 3399 2265 3460 Dorce-

227 3480 379 3554 tenfi,
429 3500 616 3565 prope
635 3478 871 3545 fontem
900 3502 1037 3566 cog.
1070 3497 1439 3566 argenteum.

303 3568 599 3645 AlmaruS,
646 3589 847 3632 comes
878 3570 1218 3645 Cornubiae‚
1265 3590 1402 3632 cum
1436 3568 1751 3633 Dunstano
1780 3568 2124 3633 transtulere
2164 3588 2257 3631 re-

226 3651 429 3735 liquias
482 3657 799 3719 Eadwoldi
847 3658 920 3718 ad
978 3675 1234 3720 veterem
1277 3659 1585 3721 ecclesiam
1629 3654 2078 3734 Cerneliensem‚
2145 3657 2258 3720 ubi

230 3759 382 3806 nunc
408 3744 765 3828 parochialis
783 3744 1042 3810 ecclesia.

308 3833 598 3909 CanutuS,
644 3831 855 3914 spolia
838 3854 896 3894 o
934 3831 1286 3897 monasterio
1331 3830 1714 3907 cerneliensi,
1776 3832 2035 3895 contulit
2083 3830 2142 3898 se
2182 3831 2262 3896 ad

233 3914 485 3995 Portum,
532 3881 991 3984 F’rommu'tham
1021 3920 1280 3999 nomine,
1331 3916 1719 3984 occidentalis
1745 3921 1998 4002 Angliae.

309 4008 446 4070 Inde
465 4008 805 4093 navigantes
825 4009 900 4070 ad
915 3992 1355 4084 Brunkeseiam,
1381 4009 1506 4071 hoc
1529 4008 1633 4085 est,
1660 4008 1732 4069 ad
1746 4008 1967 4073 Brunci
1986 4002 2255 4070 insulam
2278 4017 2505 4073 Branchi.

1092 4117 1218 4194 Ley
1206 4112 1385 4175 land.
1974 4128 1980 4135 ,
2278 4085 2519 4141 Bw*

311 4206 527 4271 Brunci
558 4207 743 4275 insula
782 4210 860 4272 ad
887 4190 1015 4275 cluo
1043 4208 1310 4273 milliaria
1338 4206 1567 4272 distat
1541 4233 1573 4272 a
1602 4208 1763 4284 Pola,
1811 4211 1871 4272 &
1907 4227 2127 4272 oceano
2152 4207 2264 4272 cit-

242 4295 568 4367 cumdatur·
650 4295 835 4371 Nulla
861 4296 1115 4372 aedificia
1144 4296 1325 4363 habet
1353 4313 1569 4385 praeter
1601 4294 1929 4371 sacellum.

1059 4412 1070 4421 ·
1139 4388 1172 4456 1
1216 4402 1259 4456 ἢ
1968 4379 2272 4469 Caityhaoe
