2850 4850
791 215 1407 303 JOANNIS
1510 215 2158 288 Lt-:LAND1

418 330 427 334 ”
458 367 634 421 cente
679 373 819 437 prae.
844 348 1029 429 senio,
1094 338 1615 435 Huntingdunum
1659 350 1957 435 principia
1998 349 2323 435 sumpsisse«
2407 355 2524 419 De

456 448 671 506 Guma
699 438 835 520 (nili
863 438 1066 521 fallor)
1113 438 1216 504 ille
1257 437 1632 503 mentionem
1680 437 1845 512 facit,
1895 439 2008 523 qui
2055 437 2288 525 scripfit
2314 439 2517 506 vitam

462 534 532 595 S.
560 526 862 603 Machuti,
905 548 1094 610 quem
1119 525 1215 590 ait·
1251 524 1652 590 Guni‘castriae
1695 524 1867 590 fuisse
1903 524 2271 610 episcopum,
2313 529 2374 593 δε
2404 550 2516 613 pa·

461 632 625 681 trem
656 618 789 698 ejus
831 614 1065 679 ibidem
1089 610 1259 677 fuisse
1284 613 1612 690 comitem3
1679 613 1790 678 nisi
1817 614 1958 699 quis
1998 615 2140 679 velit
2169 636 2274 700 per
2302 617 2514 699 Guni'-

462 701 1215 787 castriamGuincasti-iam
1238 699 1590 787 intelligere.
1677 706 1762 765 At
1790 700 2063 786 quamvis
2085 701 2405 787 ‘impressus
2435 702 2513 766 li·

461 791 659 856 bellus
686 791 766 854 de
791 790 916 853 vita
944 794 1009 854 S.
1035 789 1309 853 Machuti
1339 784 1738 853 Guni'eastriae
1763 791 1946 875 legat,
1991 811 2110 873 ego
2157 808 2359 856 tamen
2384 784 2513 855 viai

460 878 742 943 libellum
760 899 949 942 manu
970 874 1278 962 scriptum,
1302 876 1413 962 qui
1436 876 1692 945 habebat
1712 875 2148 963 Qumicastriae,
2218 898 2314 945 uae
2331 877 2514 942 lectio

459 964 617 1031 mihi
645 964 885 1029 videtur
912 965 1026 1029 esse
1053 965 1270 1029 verior.
1360 963 1506 1029 Emi
1535 964 1767 1029 ibidem
1808 963 2138 1048 a-quodam
2236 965 2512 1029 crificulo

352 1060 359 1065 ’
461 1050 844 1129 numismata,
890 1052 1050 1117 inter
1076 1072 1216 1136 quae
1242 1071 1440 1116 unum
1463 1067 1592 1117 erat
1619 1055 1696 1116 C.
1726 1050 1899 1116 Antii
1931 1052 2234 1139 praelonga
2256 1050 2508 1131 caesarie,

137 2071 204 2120 In
224 2066 321 2116 hoc
337 2076 436 2117 coe-

465 1142 711 1226 qualem
736 1139 1000 1205 Romani
1033 1139 1338 1205 habebant
1362 1154 1499 1204 ante
1526 1156 1703 1205 notos
1729 1136 2018 1204 tonsores.

639 1270 744 1335 Ex
765 1271 946 1336 libello
963 1271 1067 1356 qui
1108 1270 1185 1349 est
1212 1271 1392 1333 Ebor:
1422 1268 1585 1351 apud
1614 1269 1909 1334 monachos
1939 1267 2248 1334 Marianos
2274 1266 2347 1333 de

1078 1361 1219 1422 vita
1243 1362 1308 1419 S.
1345 1356 1614 1421 Machuti
1636 1358 1887 1440 episcopi.
2411 1354 2414 1357 “

556 1470 884 1535 Machutus
903 1466 1099 1534 faetus
1117 1467 1236 1534 fuit
1256 1466 1567 1554 episcopus
1585 1468 1871 1533 Guminae
1891 1467 2168 1546 civitatis,
2212 1467 2322 1532 ubi
2345 1482 2514 1553 pater

466 1559 601 1639 ejus
631 1577 832 1630 comes
857 1555 1000 1622 fuit.
1086 1558 1380 1640 Leyland.
1443 1553 1737 1645 Qisquis
1763 1556 1953 1620 vitam
1984 1554 2235 1640 scripsit,
2273 1557 2362 1619 ele
2407 1577 2510 1620 an·

470 1645 686 1712 tiffime
714 1639 965 1728 scripsit.
1055 1642 1208 1708 Sunt
1236 1644 1346 1729 qui
1374 1642 1768 1709 Guincastriae
1793 1641 1963 1708 fuisse
2000 1641 2347 1728 episcopum
2396 1645 2511 1708 cri-

466 1733 649 1808 bunt,
693 1732 863 1817 quod
901 1731 1294 1797 verosimilius
1321 1731 1430 1798 est.
1516 1736 1732 1816 Nuper
1775 1731 1962 1796 didici
2015 1747 2228 1794 natum
2246 1729 2417 1796 fuiss'e
2443 1731 2513 1795 in

464 1824 730 1898 Guenta,
773 1836 943 1905 parte
974 1819 1369 1898 Suthwalliae,
1416 1819 1737 1884 autoritate
1763 1817 1883 1883 Bili
1906 1818 2122 1885 levitae.

929 1946 1365 2031 Venandunwm
1410 1946 1589 2032 vulgo
1616 1943 2063 2033 Huntingdune.

558 2058 1023 2144 Huntingdune,
1070 2059 1113 2124 i.
1144 2082 1200 2125 e.
1229 2079 1405 2124 mons
1425 2074 1802 2136 venatorum,
1847 2057 2149 2144 oppidum
2174 2057 2408 2145 aliquot
2434 2060 2511 2124 ab

135 2133 460 2184 ²⁰b³⁰⁰st⁶¹²'
472 2145 616 2210 hinc
632 2145 841 2212 seculis
856 2146 1200 2231 quindecim
1297 2146 1660 2211 rochialibus
1692 2144 1944 2211 ecclesiis
1978 2144 2224 2232 insigne,
2255 2166 2512 2232 quarum

83 2210 91 2239 i
138 2200 266 2249 dunt
283 2215 430 2263 poen-

138 2265 249 2315 hm
266 2266 462 2330 steph„
475 2248 715 2299 tantum
734 2252 998 2318 quatuor
1026 2256 1190 2298 nunc
1232 2231 1540 2319 upersunt,
1585 2233 1829 2317 reliquae
1875 2233 2170 2303 vetustate
2190 2235 2251 2298 δι
2286 2234 2512 2299 incuria

143 2331 201 2379 ni
219 2345 271 2379 re
305 2329 317 2342 ⁸
364 2347 430 2379 ex-

144 2399 233 2445 Tu
320 2395 400 2446 eso

142 2459 316 2526 lapide,
334 2475 437 2510 rem

143 2526 356 2591 ingentis

143 2590 305 2658 pretii.

145 2768 426 2831 lavemfte.

475 2320 747 2406 collapsae
774 2320 933 2396 sunt,
1001 2321 1346 2387 extantibus
1394 2338 1600 2385 tamen
1644 2321 1981 2391 etiamnum
2015 2320 2082 2386 in
2107 2321 2340 2407 aliquot
2366 2322 2511 2387 locis

477 2431 800 2474 murorum
824 2408 1083 2494 vestigiis
1111 2409 1169 2473 δε
1189 2407 1519 2474 cimiteriis.
1543 2435 1550 2442 ·
1869 2452 1874 2456 ‚
2540 2477 2544 2488 ,

567 2498 939 2563 Coenobium
961 2496 1411 2574 canonicorum,
1458 2492 1628 2582 quod
1678 2518 1840 2562 nunc
1865 2494 2180 2583 paululum
2218 2495 2514 2581 quiddam

480 2583 657 2649 distat
685 2586 763 2649 ab
788 2583 1037 2669 oppido,
1081 2601 1208 2648 erat
1254 2606 1332 2649 eo
1378 2587 1533 2660 loc0,
1578 2584 1686 2648 ubi
1731 2607 1894 2650 nunc
1935 2584 2173 2649 ecclesia
2216 2589 2276 2649 S.
2309 2585 2514 2648 Mariae

480 2673 584 2750 est,
630 2672 796 2756 quod
823 2693 926 2756 per.
944 2672 1350 2750 Eustachium,
1383 2670 1983 2757 Huntingdunensem
1998 2672 2305 2755 comitem,
2340 2669 2538 2754 transf

479 2761 677 2825 latum
701 2758 785 2822 est
811 2759 1111 2824 inlocum
1130 2760 1313 2843 paulo
1340 2759 1748 2835 remotiorem,
1794 2775 2036 2844 propter
2068 2759 2279 2844 oppidi
2312 2758 2514 2844 strepi-

480 2863 639 2912 tum.
695 2847 894 2911 David
915 2847 1190 2924 BruciuS,
1221 2852 1454 2924 Scotu3‚
1488 2869 1687 2912 comes
1718 2846 2293 2932 Huntingdunensffi,
2325 2844 2550 2933 sepul-5

414 3011 422 3026 „
476 2951 578 2998 tus
620 2934 688 2998 in
731 2936 850 2999 hoc
893 2935 1195 3013 coenobio.
1287 2935 1392 2999 Est
1436 2936 1498 2998 &
1533 2935 1763 2999 ibidem
1805 2932 2190 3019 sepulchrum
2232 2933 2515 3085 elffantis

471 3022 670 3106 operis
697 3020 1011 3104 cujusdam
1043 3024 1139 3103 (ut
1166 3022 1261 3087 illi
1291 3026 1529 3106 putant)
1576 3023 1812 3086 comitis
1844 3023 2281 3106 Huntingdune
2348 3046 2415 3098 is,
2452 3017 2518 3085 in

473 3117 604 3195 quo
641 3132 822 3194 eques
868 3107 1221 3193 insculpitur
1273 3131 1412 3173 cum
1456 3109 1790 3192 insignibus
1834 3109 2174 3175 venatoriis,
2280 3111 2519 3174 Habent

470 3200 536 3262 &
579 3197 874 3281 oppidani
923 3197 990 3260 in
1038 3197 1242 3283 sigillo·
1288 3197 1546 3281 publico
1576 3215 1917 3262 venatorem
1972 3219 2117 3262 cum
2166 3194 2285 3261 suis
2315 3197 2516 3261 arnus,

474 3286 717 3350 Habent
750 3282 1044 3350 numisma
1102 3285 1572 3359 vetustissimum,
1627 3307 1750 3348 non
1807 3286 2012 3370 procul
2068 3288 2143 3348 ab
2185 3306 2355 3369 oppz-
2381 3305 2517 3348 eru-

394 3373 397 3374 ’
475 3390 633 3447 tum,
678 3387 831 3435 cum·
848 3370 1114 3457 imagine
1157 3372 1317 3437 canis
1361 3372 1662 3457 leporarii,
1709 3371 1806 3436 sed
1836 3369 2144 3456 inscriptio
2171 3393 2296 3457 prae
2322 3367 2519 3437 vetus·

143 3606 259 3677 Peg.
286 3624 365 3658 η.

477 3476 599 3533 tate
625 3460 939 3526 obliterata
964 3460 1074 3523 est.

890 3589 1210 3654 Barnewel
1233 3592 1537 3654 coenobium
1583 3592 1759 3668 [comt
1792 3590 2116 3666 Cantabr:]

450 3731 459 3740 ·
570 3691 880 3767 Canonici,
927 3694 1036 3775 qui
1064 3716 1228 3758 nunc
1266 3692 1403 3758 sunt
1446 3693 1832 3768 Barnwelliae,
1878 3692 2293 3756 coenobiolum
2330 3690 2521 3772 habu-

477 3798 660 3846 erunt
707 3800 813 3863 per
854 3800 1040 3843 annos
1087 3801 1303 3863 paucos
1357 3796 1629 3864 tempore
1681 3775 1975 3844 Gulielmi
2015 3779 2162 3845 Rufi
2208 3801 2396 3862 prope
2424 3801 2520 3843 ca-

475 3867 718 3930 stellum
751 3866 1256 3952 Grantabrigense
1284 3867 1445 3932 eoin
1493 3871 1645 3942 loc0‚
1691 3868 1800 3930 ubi
1847 3888 2009 3930 nunc
2056 3865 2139 3929 est
2168 3867 2405 3956 ecclesia
2435 3871 2518 3934 D.

474 3954 705 4038 Egidii,
751 3969 1080 4037 extantque
1129 3958 1330 4017 adhuc
1380 3957 1593 4019 veteris
1622 3955 1948 4019 coenobioli
1998 3955 2226 4039 aliquot
2257 3953 2519 4037 vestigia.
2595 4001 2598 4002 ν

344 4080 349 4090 ,
470 4043 775 4125 Tempore
821 4062 962 4105 vero
1009 4043 1251 4107 Henrici
1304 4043 1482 4125 primi
1535 4044 1797 4107 transsati
1844 4040 1983 4106 sunt
2027 4042 2298 4107 canonici
2330 4045 2488 4106 bern

1000 4153 1016 4188 l
1495 4162 1523 4192 u

471 4211 731 4276 welliam
748 4299 753 4302 ¹
758 4233 866 4298 per
880 4213 1224 4310 ,Paganum,
1270 4143 1579 4278 ἔῗῐῑῗίἶὲιιιιῃ
1589 4209 2175 4304 Grantabri'gensem3

2339 4360 2501 4434 *In
