2850 4850
609 209 705 278 Be
736 204 929 273 R'ebtis
965 203 1313 290 Anglicdnis
1352 201 1634 288 Opuscula'
1665 205 1873 268 Vart‘ae‘.

182 344 376 411 -nobis
418 342 754 411 bereffibm
799 344 856 407 ὅ(
886 340 1321 407 {accessoribus
1360 339 1592 415 ndiriS,
1637 340 1852 405 damus
1891 342 1953 405 δ’(
1991 342 2270 405 concedi-

200 454 339 497 mus
388 430 637 516 prefato
663 432 895 496 custodi
924 434 983 494 8(
1013 429 1377 514 pauperibus
1407 427 1665 512 predich
1705 428 2042 512 Hospitalis
2063 432 2278 494 Sancie

200 523 260 589 81
312 522 650 583 Individue
708 518 1025 583 Trinitatis
1070 521 1130 578 in
1178 518 1433 594 Cloune‚
1495 535 1575 581 ex
1634 514 1988 580 fundatione
2038 518 2278 582 Henrici

202 609 478 675 Howard
505 610 767 687 Comitis
791 607 1260 687 Northampton,
1292 607 1353 666 &
1386 600 1978 677 successoribus-‚suia
2019 607 2275 688 plenam,

191 696 490 770 licitam„
529 693 885 771 absolutam,
943 694 1319 774 liberamque
1377 693 1694 764 licentiam,
1740 689 2109 768 facultatem,
2167 710 2277 778 po-

204 782 509 854 testatem;
543 783 608 845 ὅ(
634 784 1074 850 authoritatem.
1126 780 1526 862 perquirendi,
1565 782 1913 861 recipiendi,
1943 781 2277 854 obtinendi,

203 870 542 952 gaudendi,
596 868 966 952 'poffidendi,
1027 868 1088 929 8(
1132 866 1393 930 habendi
1450 869 1530 928 eis
1581 867 1638 926 8(
1686 865 2110 931 successoribus
2159 865 2280 931 suis

207 958 697 1039 imperpetuum,
742 958 819 1018 ad
871 971 1211 1037 perpetuam
1253 950 1736 1017 sustentationem
1781 956 1839 1015 &
1881 958 2278 1018 manutentio-

207 1065 349 1123 nem
383 1040 704 1125 hospitalis
731 1043 1030 1126 predictae,
1066 1053 1191 1104 tam
1214 1042 1292 1103 de
1321 1043 1491 1104 nobis
1521 1042 1836 1103 heredibus
1860 1043 1917 1103 8(
1945 1039 2277 1106 successori·

208 1132 328 1205 bus
360 1132 615 1208 nostris,
658 1148 844 1212 quam
889 1132 964 1192 de
1010 1127 1240 1212 prefato
1266 1130 1504 1191 Comite
1531 1133 1997 1211 Northampton,
2046 1130 2279 1194 heredi·

211 1219 352 1294 buS,
384 1219 840 1292 executoribus,
889 1220 947 1278 8(
977 1216 1269 1300 assignatis
1298 1214 1433 1290 suis,
1476 1218 1534 1278 8(
1563 1218 1638 1278 de
1668 1212 2134 1300 quibuscunque¹
2156 1221 2283 1299 alijs

214 1303 514 1388 personia,
587 1307 649 1368 8(
697 1324 1063 1389 quacunque
1128 1305 1240 1366 alia
1296 1300 1554 1386 persona,
1603 1306 1878 1377 maneria,
1943 1307 2279 1390 messuagia,

215 1408 427 1465 terras»,
480 1411 816 1459 tenementa
859 1393 1158 1465 rectoriam,
1203 1393 1483 1465 decimaS,
1529 1391 1816 1464 redditus,
1860 1393 1920 1453 &
1961 1395 2072 1455 alia
2112 1395 2280 1457 bere·

217 1481 565 1551 ditamenta
593 1471 975 1562 quecunque,
1020 1476 1173 1541 infra
1193 1500 1446 1561 regnum
1467 1479 1725 1562 Angliae,
1770 1482 1972 1562 quein
2004 1496 2133 1543 toto
2163 1500 2283 1545 non

216 1569 539 1648 excedunt
610 1568 833 1629 clar-um
894 1588 1163 1629 annuum
1224 1568 1490 1628 valorem
1546 1568 1939 1631 ducentarum
1997 1569 2285 1633 librarum

220 1654 430 1738 legalis
490 1673 729 1735 monete
767 1656 1007 1736 Anglie,
1053 1654 1111 1716 &
1153 1674 1272 1734 que
1317 1675 1437 1716 non
1483 1668 1754 1733 tenentur
1798 1655 1871 1717 de
1914 1657 2086 1719 nobis
2114 1657 2286 1721 here·

221 1743 407 1807 dibus
461 1743 560 1805 vel
607 1739 1027 1805 successoribus
1073 1739 1305 1817 nostrie,
1353 1743 1627 1803 imediate
1669 1744 1728 1803 in
1765 1745 1980 1821 capite,
2027 1764 2137 1807 nec
2182 1767 2287 1829 per

227 1826 554 1895 servicium
609 1829 917 1892 militare:
987 1831 1047 1890 8(
1102 1831 1502 1911 perquirendi,
1551 1828 1895 1911 recipiendi,
1947 1832 2285 1910 obtinendi,

227 1917 572 1999 gaudendi,
625 1916 963 1998 poffidendi,
1011 1916 1354 1979 &habendi
1386 1918 1462 1976 de
1501 1916 1732 1998 prefato
1778 1919 2016 1979 Comite
2058 1922 2289 1984 North·

229 2021 511 2085 ammon,
562 2003 892 2086 predictam
941 2002 1284 2084 hospitalem
1335 2006 1395 2064 8(
1434 2003 1736 2065 edificium
1785 2003 1901 2066 five
1942 2006 2285 2085 cenobium,

230 2112 301 2157 ac
330 2094 539 2154 omnia
585 2093 823 2168 domos,
866 2093 926 2153 8(
969 2090 1221 2166 edificia,
1268 2089 1487 2153 ibidem
1544 2111 1733 2172 nuper
1774 2091 2130 2167 construfta,
2179 2116 2314 2178 pro.

232 2179 696 2247 manutentione
739 2182 798 2241 8(
843 2180 1204 2242 habitatione
1231 2176 1484 2260 predicti
1527 2178 1785 2241 custodis
1828 2181 1886 2240 8(
1936 2200 2288 2263 pauperum,

233 2285 303 2331 ac
335 2263 557 2342 solum,
588 2265 866 2340 fundum,
892 2268 959 2328 ·&
990 2284 1196 2328 terram
1235 2262 1495 2346 ejusdem
1529 2262 1827 2347 hospitalis
1856 2268 1912 2328 8(
1943 2269 2180 2344 domuc„
2228 2274 2291 2340 &

237 2353 467 2419 edificii
526 2373 592 2417 ac
655 2356 988 2436 curtilagia,
1054 2354 1356 2437 gardinos,
1405 2353 1646 2430 hortm,
1694 2356 1753 2416 &
1799 2370 2007 2430 terras,
2076 2358 2290 2422 eadem

235 2439 522 2524 hospitali
589 2464 774 2526 prope
826 2443 1176 2522 adjacenteS,
1240 2462 1359 2504 non
1419 2442 1768 2505 excedentes
1825 2444 1888 2505 in
1938 2460 2066 2507 toto
2110 2450 2285 2532 quin·
2360 2476 2367 2485 ·

236 2550 363 2612 que
408 2550 591 2604 acrae,
654 2531 793 2592 licet
834 2531 909 2592 de
950 2531 1122 2592 uobis
1167 2545 1446 2593 tenentur
1489 2531 1549 2591 in
1603 2532 1793 2612 capite
1835 2552 1942 2614 per
1986 2531 2289 2599 servicium

238 2618 667 2693 militare,.vel
695 2618 866 2680 aliter
897 2639 998 2700 per
1038 2614 1336 2680 servicium
1368 2618 1654 2690 militare,
1689 2619 1780 2680 vel
1808 2621 1977 2683 aliter
2008 2643 2112 2704 per
2138 2644 2290 2706 que·

242 2724 493 2788 cunque
536 2707 624 2768 vei
657 2706 1066 2787 quodcunque
1110 2702 1271 2767 aliud
1317 2703 1434 2767 five
1483 2707 1597 2790 alia
1641 2701 1970 2785 servicium,
2017 2709 2134 2773 five
2177 2709 2290 2775 ser·

244 2795 422 2869 vicia,
470 2792 758 2857 statutum
788 2793 863 2854 de
903 2795 1068 2855 terris
1112 2794 1172 2854 8(
1203 2796 1543 2855 tenementis
1579 2791 1660 2853 ad
1704 2813 1948 2858 manum
1994 2813 2292 2861 mortuam

245 2899 372 2944 non
410 2880 674 2963 poneud:
721 2895 825 2941 aut
862 2882 1071 2962 aliquo
1098 2879 1212 2942 alio
1242 2878 1489 2955 statum,
1532 2879 1694 2955 actu,
1738 2883 2131 2958 ordinatione,
2180 2885 2294 2949 five

250 2967 609 3051 provisione,
656 2986 760 3030 aut
791 2968 984 3047 aliqua
1013 2968 1126 3028 alia
1156 2988 1237 3039 re,
1289 2963 1479 3041 causa,
1524 2967 1615 3029 vel
1646 2967 1887 3031 materia
1915 2990 2292 3055 quacunque,

229 3054 313 3134 ,in
344 3058 557 3137 aliquo
596 3076 717 3117 non
761 3052 1046 3118 obstante.
1139 3057 1370 3116 Damus
1413 3055 1614 3124 etiam,
1661 3074 1730 3117 ac
1768 3075 1878 3137 pro
1907 3060 2075 3121 nobis
2126 3055 2291 3125 here-

253 3142 439 3207 dibus
468 3145 529 3212 8(
559 3141 974 3208 succeffi›ribus
1006 3139 1213 3204 nostris
1240 3140 1618 3203 concedimus
1647 3156 1767 3204 tam
1812 3142 2042 3224 prefato
2069 3148 2296 3214 Comiti

250 3231 723 3312 Northampton,
788 3230 1128 3303 heredibuS,
1195 3226 1639 3304 executoribus,
1708 3231 1767 3291 8(
1809 3229 2104 3314 affignatis
2153 3233 2292 3315 suiS,

252 3319 408 3397 quin
430 3318 603 3380 etiam
631 3317 909 3382 omnibus
938 3319 998 3379 8(
1027 3316 1269 3400 fingulis
1298 3317 1357 3377 &
1384 3311 1841 3401 quibuscunque
1861 3320 1990 3399 alijs
2011 3319 2295 3404 personis,

258 3399 563 3484 specialem
594 3405 907 3480 licentiam,
951 3406 1010 3465 8(
1039 3406 1304 3476 liberam,
1356 3401 1608 3484 plenam,
1656 3405 1715 3466 8(
1752 3403 2080 3470 absolutam
2110 3407 2298 3474 facul·

262 3507 470 3566 tatem,
518 3493 886 3574 potestatem,
955 3493 1012 3553 8(
1063 3488 1549 3565 aufthoritatem,
1605 3491 1773 3574 quod
1823 3493 1930 3576 ipsi
1980 3496 2041 3557 &
2084 3518 2293 3565 eorum

261 3582 542 3660 quilibet,
608 3581 886 3652 maneria,
957 3578 1290 3661 messuagia,
1359 3594 1558 3652 terram,
1621 3593 1971 3656 tenementa‚
2029 3584 2298 3650 redditus

196 3685 210 3694 ·
260 3664 669 3749 cujuscunque
714 3668 941 3749 generis
989 3665 1104 3729 sive
1147 3662 1377 3747 speciei,
1422 3665 1720 3739 rectorias,
1764 3668 2042 3747 decimae,
2090 3673 2151 3734 8(
2183 3674 2332 3744 alia,

265 3752 729 3817 hereditamenta
756 3751 905 3820 infra
937 3756 1049 3816 hoc
1088 3773 1339 3836 regnum
1364 3754 1605 3836 Anglie,
1650 3774 1768 3818 non
1809 3760 2158 3836 excedentes
2183 3762 2316 3826 cla··

266 3859 408 3908 rum
435 3843 707 3906 annalem
734 3842 996 3903 valorem
1037 3840 1429 3918 ducentarum
1458 3841 1740 3904 librarum
1783 3845 1840 3905 in
1884 3859 2034 3921 toto,
2081 3850 2140 3909 8(
2179 3857 2302 3931 'que

268 3946 388 4000 uon
440 3947 714 3992 tenentur
760 3928 834 3989 de
883 3929 1059 3990 nobis
1107 3928 1427 3990 heredibus
1476 3929 1567 3991 vel
1614 3925 2031 3996 successoribus
2087 3935 2302 4003 nostris

269 4014 542 4079 imediate
576 4018 632 4077 in
662 4016 875 4097 capite,
923 4030 1027 4077 aut
1069 4036 1169 4095 per
1198 4013 1500 4081 servicium
1552 4017 1819 4094 militare,
1866 4022 1928 4082 &
1973 4023 2299 4102 predictam

270 4100 613 4186 hospitalem
643 4105 704 4165 8(
731 4100 1178 4165 edificium-five
1204 4099 1539 4178 cenobium,
1586 4104 1818 4179 domos,
1863 4109 2128 4185 edificia,
2164 4131 2303 4177 cur·

275 4191 494 4275 tilngia,
540 4192 767 4264 hortos,
796 4191 1095 4272 gai-dium,
1143 4190 1202 4252 8(
1233 4203 1449 4252 terram
1480 4190 1846 4270 adjacentem
1873 4194 2073 4258 eadem
2107 4196 2304 4281 hospi·

275 4278 404 4353 tali,
444 4281 504 4342 8(
542 4276 761 4349 eisdem
804 4276 1085 4350 domibus
1130 4278 1189 4364 8(
1230 4272 1497 4360 e'dificijs,
1544 4298 1661 4342 non
1706 4280 2095 4356 excedentem
2130 4289 2307 4370 quin-

2381 218 2562 286 ‚33¹5
