2850 4850
464 159 1136 251 ‘ANTIQUARII
1207 161 2046 232 COLLECTANEA.

167 296 560 471 ὶῦέίὶῗοιιε
635 304 1001 364 Sermonum
1030 317 1177 361 vero
1220 296 1376 362 liber
1420 295 1504 363 fic
1542 297 1798 384 incipit:
1859 305 2006 365 Ecce
2025 301 2281 385 fratres

312 391 413 453 Eli
449 390 572 452 tmi.

283 473 378 538 T
378 475 644 540 metatus
691 472 942 555 Joannis
984 471 1340 557 Bromyard,
1386 472 1688 561 applicans
1720 476 1864 557 jura
1907 481 2189 543 canonica
2214 480 2280 543 ssc

172 563 416 631 civilia
443 564 525 627 ad
553 562 869 627 materiam
889 564 1205 625 moralem.

280 650 667 715 Additiones
712 651 969 715 Roberti
999 649 1237 713 Gostest
1278 651 1342 714 in
1391 649 1577 714 libros
1624 646 1978 717 Damasceni
2006 650 2084 719 de
2111 668 2276 729 ortp-

176 736 376 802 doxa
407 738 555 815 fide,
602 758 756 822 quos
782 737 1001 803 sciolus
1026 738 1275 822 quidam
1299 736 1459 800 male
1481 736 1515 800 ὲ
1543 743 1761 802 Graeco
1786 740 2177 818 transtulerat,
2209 741 2278 806 id

180 826 391 914 quod
424 828 733 890 Robertus
766 825 1057 891 beneficio
1086 825 1340 890 correcti
1368 828 1727 908 exemplans
1755 828 1955 893 Graeci
1982 828 2143 895 fecit.

286 914 561 979 Tabula
592 913 742 977 Gul:
788 915 1097 996 Sudbury,
1173 914 1472 978 monachi
1495 912 1835 980 Westmon:
1880 914 2056 1001 super
2095 916 2278 982 libros

183 1001 428 1067 Samsti
460 996 725 1066 Thomae
760 1002 838 1067 de
865 1001 1136 1086 Aquino.

284 1088 647 1173 Prophetiae
676 1091 947 1169 JoanniS,
990 1088 1259 1154 canonici
1287 1089 1363 1152 de
1392 1087 1796 1175 Bridlington.

290 1178 640 1242 Tractatus.
671 1178 915 1257 Joannis
939 1179 1183 1257 Colton,
1228 1176 1651 1264 archiepiscopi
1673 1180 2017 1257 Armacani,
2062 1200 2175 1264 pro
2196 1177 2279 1244 se-

183 1264 464 1332 datione
491 1262 793 1331 scismatis,

208 1370 221 1379 ·
291 1352 750 1418 Determinatio
803 1351 1071 1420 Thomae
1116 1353 1353 1421 Palmer
1395 1354 1474 1419 de
1518 1353 1650 1419 ord:
1702 1304 2171 1421 Praedicatorum
2214 1356 2279 1423 in

190 1440 472 1507 materia
493 1440 812 1505 Scistnatis.

294 1528 751 1595 Determinatio
777 1528 1014 1601 Nicolai
1033 1529 1379 1591 Fakenham
1408 1529 1487 1591 de
1515 1530 1729 1591 ordine
1751 1529 2206 1607 Minorum.1

296 1615 759 1682 Determinatio
785 1620 967 1680 Akon
996 1616 1189 1679 Praed:
1220 1616 1296 1678 de
1325 1614 1576 1677 materia
1604 1613 1924 1681 ScismatiS.

298 1703 758 1773 Determinatio
775 1701 1015 1769 Nicolai
1043 1699 1336 1767 Rischton
1366 1704 1443 1766 de
1470 1699 1753 1769 scismate.

1908 1811 2058 1863 Avini
2061 1814 2144 1863 oni
2237 1860 2248 1869 ,

210 1874 223 1883 ’
294 1878 637 1981 Asmacani
664 1872 959 1944 sermones
978 1883 1084 1965 89.
1115 1879 1342 1964 partim
1368 1899 1577 1943 coram
1606 1879 1892 1962 pontifice
1911 1880 2035 1958 Ro,
2053 1883 2282 1966 partim

198 1969 404 2038 etIam
430 1966 498 2031 in
525 1966 745 2050 Anglia
773 1967 942 2032 d16h
946 1971 980 2045 ]
1029 1966 1220 2031 Cum
1179 1990 1445 2051 Jqunas,
1493 1989 1646 2051 unge
1674 1964 1880 2048 caput:

298 2053 637 2122 Armacani
663 2054 815 2121 liber
844 2071 1046 2120 contra
1075 2053 1289 2119 fratres
1317 2053 1745 2133 mendicantes,
1790 2056 2096 2161 continens
2133 2055 2195 2119 in
2223 2054 2282 2124 se

216 2141 331 2213 16.
377 2142 642 2211 libellos.

1009 2232 1493 2315 Westmonqsterii.

584 2336 647 2400 D
647 2335 881 2418 sttcbon
908 2357 987 2401 ex
1014 2340 1303 2423 epitaphio
1331 2336 1605 2436 Gafftjedi
1628 2338 1930 2407 Chauceri.

396 2443 725 2512 Gaifredus
756 2448 1053 2522 Chaucer,
1099 2466 1262 2513 vates
1290 2450 1349 2512 8c
1377 2444 1539 2511 fama
1568 2447 1756 2532 poesis

489 2538 801 2615 Maternae,
849 2535 964 2602 hac
981 2532 1138 2608 sacra
1169 2533 1299 2605 sum
1330 2538 1662 2601 tumulatus
1690 2536 1906 2602 humo.
2013 2591 2018 2604 .

308 2825 574 2906 joannes
601 2826 830 2891 Gower
872 2822 1136 2930 sepultus
1179 2822 1267 2888 est
1293 2825 1457 2910 apud
1506 2785 1819 2893 canonicos
1875 2826 2173 2892 Marianos
2213 2829 2281 2894 in

216 2910 357 2998 ripa
402 2912 701 2991 Tamesis,
748 2914 813 2978 in
850 2917 945 2979 cui
951 2935 1022 2977 us
1074 2911 1292 2997 effigiei
1340 2919 1535 3001 capite
1580 2937 1802 2980 corona
1838 2912 1925 2978 est
1951 2936 2029 2978 ex
2067 2914 2290 2979 hedera·

220 3001 373 3065 rofis
406 2999 704 3079 distincta,
749 3005 816 3066 in
859 3003 1019 3066 collo
1061 3016 1283 3077 catena,
1357 3026 1437 3088 eq
1439 3002 1643 3067 uestris
1701 3003 1927 3066 ordinis
1970 3002 2281 3069 inditium.
2342 3075 2348 3080 ,

212 3085 362 3154 Sub
392 3088 589 3174 capite
613 3104 729 3153 tres
757 3087 919 3166 libri,
965 3088 1145 3156 instat
1174 3026 1668 3173 pulvimilriorum,
1715 3111 1860 3155 cum
1881 3090 1973 3153 his
1994 3087 2285 3174 inscripti-

220 3176 494 3261 onibus2:
539 3176 943 3263 “Speculum
968 3176 1359 3241 meditantis·
1423 3182 1567 3242 Vox
1588 3178 1937 3241 clamantis.
1985 3176 2287 3246 Confessio

249 3262 605 3330 ‘amantisss
587 3263 626 3295 ’'
704 3266 874 3330 Vixit
898 3278 1166 3349 tempore
1196 3264 1440 3329 Ricardi
1471 3285 1532 3331 2.
1576 3267 1634 3329 &
1656 3264 1898 3328 Henrici
1920 3264 2143 3349 quarti,
2186 3264 2289 3330 cui

219 3350 414 3416 libros
441 3349 579 3438 suos
616 3351 939 3419 dedicavit.
1033 3358 1336 3437 Tempore
1365 3354 1613 3434 Joannis
1644 3353 1995 3420 coenobium
2023 3356 2124 3417 Sae.
2153 3354 2288 3415 Ma-

220 3439 334 3504 riae
361 3429 778 3545 conflagravit,
847 3439 1018 3526 quod
1053 3439 1184 3525 post
1196 3376 1455 3505 pmultos
1495 3462 1680 3506 annos
1708 3462 1852 3505 cura
1882 3442 1941 3504 8c
1969 3435 2282 3515 industria,

226 3529 455 3613 partim
507 3529 694 3593 etiam
739 3526 1076 3614 sumptibus
1121 3527 1240 3594 suis
1289 3530 1656 3596 restauravit.
1744 3532 1901 3592 Nam
1945 3543 2084 3590 ante
2126 3525 2286 3592 iuius

226 3629 506 3699 tempora
535 3619 811 3701 quamvis
840 3619 1112 3681 canonici
1138 3632 1364 3686 veteres
1386 3615 1548 3684 sedes
1567 3616 1928 3694 retinebant,
1958 3613 2285 3701 squallebat

225 3717 438 3767 tamen
465 3700 748 3774 semiruta
772 3704 1029 3773 ecclefia.

316 3794 498 3860 Uxor
519 3794 750 3858 Goueri
777 3789 1011 3860 ibidem
1035 3790 1283 3878 sepulta.

628 3897 702 3964 In
730 3897 1065 3962 bibliotheca
1092 3899 1599 3988 Francfianorum
1631 3894 1893 3962 Londim‘.

317 3997 465 4061 vita
489 4000 552 4063 S.
583 3998 923 4064 AEduuardi
950 4000 1248 4083 martyris,
1295 4003 1510 4086 ignoto
1538 4016 1768 4065 autore.

316 4082 586 4148 Historia
608 4090 805 4149 lvonis
833 4088 1264 4167 Carnotenfi3.]
1314 4088 1670 4175 Astyriorum
1691 4090 1884 4173 igitur
1909 4107 2046 4156 rex.

288 4166 624 4254 Sigeberti
652 4172 940 4237 monachi
962 4175 1228 4242 historia.

324 4257 631 4330 Chronica
657 4260 931 4329 Martini.

230 4421 237 4430 ‚
332 4423 341 4436 ι
410 4348 789 4436 Tou.111.„
1038 4393 1051 4404 =
1319 4349 1389 4431 G
1489 4357 1552 4378 ’·
1777 4355 1784 4361 “
1956 4343 2306 4424 ΑΙειιαιιᾶειῗ

2432 174 2546 323 ἣξέ

2371 3906 2598 3977 fagani
2705 3931 2710 3934 ²
2772 3972 2781 3981 ,
