2850 4850
324 85 476 198 1520

299 287 415 359 rag.
442 293 553 350 189.

921 87 2288 206 JoANNISLELAND1

775 261 829 322 Ε
848 259 1087 345 quodam
1113 259 1372 343 regzstro,
1398 255 1544 340 five
1569 256 1754 322 in‘dice
1779 257 2115 323 bibliotheca»
2131 261 2424 324 Cantudre
2488 222 2497 230 ·

667 348 999 411 Tractatus
1021 345 1307 424 Gilberti,
1353 343 1613 430 episcopi
1644 345 1926 411 London:
1968 345 2145 446 super
2174 347 2355 424 istud,
2404 351 2445 384 “
2477 354 2649 418 Sunt

581 436 722 502 duae
748 435 985 500 olivae·.”

668 528 781 589 Ivo
809 526 1128 587 Car-notent
1159 513 1236 587 de
1263 522 1510 585 veritate
1540 518 2044 587 sacramentorum
2055 514 2278 586 Christi
2301 524 2362 585 δε
2383 524 2590 590 ecclesi

483 633 537 708 q
639 623 643 630 '
669 610 987 676 Albericus
1018 611 1095 673 de
1116 624 1411 694 computo
1441 610 1618 675 lunae.

669 697 937 764 Libellus
964 698 1141 762 Bedae
1170 699 1247 762 de
1274 698 1719 761 Arithmetrica.

669 785 1002 851 Balduiuus
1024 789 1313 850 Cantuar:
1344 785 1419 848 de
1441 783 1606 850 sectis
1637 782 1902 850 haeretic:

668 874 1031 939 Benedictus
1075 871 1404 938 monachus
1456 874 1534 936 de
1575 888 1887 958 computo.
1977 870 2261 956 Ejusdem
2288 871 2535 938 libellus
2564 874 2653 939 de'

580 977 907 1048 augmento
937 963 998 1023 8c
1029 961 1383 1026 detrimento
1411 961 1595 1024 lunae.

670 1055 764 1114 M.
813 1053 892 1113 R.
925 1048 1110 1114 Pluto
1156 1047 1414 1114 verfifice
1444 1050 1523 1113 de
1548 1037 1802 1114 ¹summo
1828 1048 2014 1114 bono.
2105 1048 2291 1114 Liber
2339 1046 2641 1129 ejusdem,

565 1137 762 1237 xUnde
788 1139 1039 1205 malum.

667 1225 837 1290 Idem
864 1225 941 1289 de
967 1224 1255 1310 gradibus
1284 1226 1601 1289 virtutum.

666 1313 839 1380 Idem
869 1314 945 1377 de
974 1314 1322 1397 virginitate.

665 1401 841 1466 Idem
864 1402 941 1465 de
968 1402 1130 1467 bono
1152 1402 1391 1466 mortis,

666 1490 839 1553 Idem
868 1490 945 1553 de
966 1489 1100 1554 loco
1117 1491 1176 1552 8c
1206 1505 1494 1574 tempore.

667 1577 855 1642 Liber
880 1599 1088 1663 regum
1119 1576 1434 1642 Baldwini.
1576 1653 1577 1660 ἵ

672 1664 1068 1748 Epitaphium
1100 1666 1163 1729 S'.
1193 1662 1479 1729 Anselmi.

669 1753 973 1818 Martinus
1001 1754 1077 1817 de
1104 1773 1168 1831 4.
1191 1755 1537 1817 virtutibus,

671 1837 953 1925 Epistolae
981 1841 1342 1923 Symmachi.

666 1926 936 2012 Epistola
963 1929 1240 1994 Gualteri
1269 1929 1346 1992 de
1379 1925 1734 1990 Mauritania
1761 1924 1837 1990 ad
1869 1926 2208 2010 Hugonem.

671 2015 923 2080 Omeliae
946 2017 1190 2082 Hucarii
1223 2016 1450 2081 Levitae
1477 2016 1537 2077 in
1567 2014 1780 2079 diebus
1805 2015 2137 2077 Dominicis
2162 2013 2222 2077 δε
2247 2014 2589 2098 praecipuis.

671 2102 941 2170 Historia
966 2106 1297 2190 Anglicana
1324 2120 1514 2167 vetus,
1561 2103 1727 2187 apud
1756 2102 2149 2166 Talebotum.

674 2193 975 2257 Sententia
999 2193 1178 2276 probi*
1193 2193 1437 2273 judiciS.

569 2327 572 2330 >
670 2277 941 2363 Epistola
968 2279 1246 2344 Eucherii
1266 2277 1525 2363 episcopi
1553 2276 1633 2343 de
1661 2275 1776 2340 fitu
1800 2277 2031 2356 Judeae.

661 2368 976 2434 'Chronica
1006 2366 1248 2449 jordani
1269 2365 1526 2453 episcopi
1545 2369 1940 2430 Ravennatem
1973 2366 2050 2430 de
2076 2365 2254 2465 rebus
2281 2363 2458 2451 gestis
2476 2367 2639 2430 Got-

587 2455 859 2523 thorum.

669 2546 1047 2610 Itinerarium
1083 2544 1392 2610 Antonini.

672 2633 1094 2717 Expositiones
1116 2632 1387 2698 Oodonis
1409 2629 1584 2716 super
1608 2646 1730 2696 vet:
1758 2628 1984 2695 testam:

672 2723 993 2786 Suetonius
1017 2731 1099 2784 1⁸.
1133 2721 1208 2785 de
1237 2718 1415 2807 gestis
1444 2721 1655 2804 impert

671 2811 997 2874 Suetonius
1025 2800 1337 2874 secundus.
1510 2828 1515 2837 ²

668 2896 970 2961 Chronica
998 2894 1236 2961 Eusebii
1266 2895 1614 2958 SalamoniS.

653 2984 970 3049 ‘Chronica
997 2983 1283 3061 Gervafii,
1328 2983 1608 3046 monach=
1656 2985 1940 3046 Cantuarz

669 3071 934 3137 Historia
961 3074 1297 3147 Hibernica,
1344 3088 1554 3139 autore
1583 3069 1861 3134 Giraldo.

669 3160 749 3236 H‘
804 3163 929 3224 oria
958 3162 1267 3245 Radulphi
1296 3160 1371 3223 de
1400 3157 1639 3222 Diceto.

708 3240 718 3247 ι

672 3250 711 3311 S
748 3250 985 3313 r'rnones
1007 3247 1257 3325 Elmeri,
1303 3245 1524 3311 Prioris
1542 3248 1829 3309 Cantuar:

444 3377 467 3410 ι
506 3377 578 3419 0„
674 3335 1017 3420 Triphonia
1044 3336 1321 3400 ecclefiae.
1397 3404 1404 3415 ,
1518 3412 1523 3421 ⁵

669 3423 900 3489 Musica
930 3425 1276 3488 Salamonis.

704 3532 843 3577 oan:
866 3508 1263 3589 Damascenus
1287 3506 1365 3573 ad
1397 3509 1603 3591 Tegni
1626 3507 1875 3571 Galeni.

721 3597 1006 3684 phorismi
1037 3602 1212 3678 Joan:
1247 3592 1614 3662 Damasceni.

665 3686 912 3773 Isagoge
942 3691 1116 3766 joan:
1145 3682 1516 3751 Damasceni.

661 3775 1002 3841 Alexander
1026 3772 1300 3860 Sophista
1329 3773 1407 3836 de
1428 3770 1722 3835 medicina
1750 3768 2026 3834 omnium
2056 3767 2473 3832 membrorum
2494 3785 2608 3831 cor-

582 3864 742 3950 poris
773 3863 1044 3930 humani.

664 3966 694 3998 a
729 3955 765 3992 ²*
787 3951 1059 4015 Genetiae
1080 3905 1410 4034 Cleopatrae
1433 3945 1510 4008 ad
1537 3946 1951 4012 Theodatam.

537 4096 552 4111 ,
643 4039 845 4115 ‚Liber
879 4036 1205 4102 Aristarchi
1233 4038 1291 4101 &
1320 4035 1475 4116 Justi
1506 4035 1740 4098 medic:-
1758 4035 2013 4098 tractans
2043 4032 2120 4097 de
2140 4030 2493 4120 virginibus,

305 4126 327 4134 ‘
439 4132 541 4201 fi·
658 4124 846 4191 Liber
865 4126 1119 4192 Aluredi
1148 4127 1224 4193 de
1254 4122 1654 4189 custodiendis
1682 4124 2082 4207 accipitribus-

1289 4247 1318 4278 a
1354 4227 1451 4291 Sic,
1483 4243 1581 4277 cum
1600 4224 1820 4293 asterisco.

742 4318 778 4379 7
911 4319 920 4327 ·
1470 4364 1479 4371 .
2441 4281 2611 4365 m*
