2850 4850
463 203 1159 299 ANTIQUARII
1229 213 2059 282 COLLECTANEA.

240 349 542 437 sumpslsse
556 374 825 418 errorem
843 349 1023 416 suum
1044 352 1123 416 de
1159 351 1529 417 Eucharistia
1549 376 1626 419 ex
1653 354 1808 418 libro
1834 353 2145 438 cujusdam
2172 379 2306 422 mo·

238 440 431 519 nachi,
477 463 669 526 quem
701 440 1002 505 Wiclivus
1019 439 1437 515 Ambro'fium,
1469 457 1576 504 aut
1603 444 1909 507 Ambrosii
1939 443 2304 528 discipulum

237 529 532 595 nominat.
581 529 873 611 Leyland.
915 527 1157 592 Forsan
1164 528 1464 593 intellexit
1492 529 1879 594 Ambrofium
1901 532 2300 600 Ausbertum.

318 616 669 681 Alexander
697 618 966 680 Necham
994 615 1168 701 super
1195 617 1596 680 corred'tiones
1624 617 1861 685 Bibliae.

317 707 500 769 Idem
525 701 705 789 super
737 703 1177 782 Ecclefiasten.]
1230 710 1435 768 Forma
1462 705 1683 771 decens.

318 791 730 857 Collefiiones
758 792 1068 856 Wallenfis
1105 791 1279 876 super
1308 796 1693 858 Matthaeum.

315 883 618 946 Trivetus
646 881 725 944 de
753 879 1116 965 perfeffione
1145 880 1443 962 justitiae.]
1496 880 1613 960 Ins
1609 883 1830 946 nuavtt
1856 882 1999 947 mihi
2024 889 2228 968 nuper.

311 971 585 1049 Joannes
598 970 974 1052 Bacanthorp
987 969 1064 1031 de
1082 967 1448 1052 perfeetione
1457 968 1721 1049 justitiae.
1723 974 1758 1048 ]
1794 975 2010 1036 Utrum
2022 975 2136 1036 Chr
2137 978 2297 1054 stus

315 1060 528 1142 Opera
554 1057 820 1121 Thomae
849 1057 1156 1121 Ualdeni
1140 1077 1202 1119 1n
1247 1058 1442 1120 tribus
1464 1060 1742 1121 maximis
1772 1059 2188 1127 voluminibus
2216 1062 2298 1126 ad

231 1147 577 1209 Martinum
597 1144 907 1229 quintum.

318 1233 591 1296 LeEiura
626 1234 891 1297 Thomae
919 1231 1145 1297 Brome
1170 1232 1509 1297 Carmelitae
1527 1233 1880 1299 Oxonienfis
1908 1233 2295 1302 achademiae.

226 1320 474 1385 Floruit
500 1340 661 1384 anno
698 1342 722 1384 1
737 1342 770 1404 3
783 1324 885 1406 58.
1022 1382 1029 1389 .

319 1407 655 1473 Castellum
681 1411 898 1472 amoris
923 1410 1171 1473 Roberti
1194 1406 1479 1486 Grostest,
1512 1410 1740 1474 Gallice
1744 1415 1805 1490 .]
1848 1402 1928 1475 Ki
1955 1413 2286 1496 bienpenlb.

319 1500 505 1573 Ivori,
525 1497 905 1580 provincialis
925 1499 1403 1576 Carmelitarum‚
1436 1498 1764 1585 expositio*
1749 1521 1812 1564 m
1827 1501 2220 1587 Apocalypsin
2226 1505 2284 1581 ]

225 1586 506 1672 Legimus
534 1590 598 1650 in
623 1584 991 1671 ecclqfifflica
1018 1586 1268 1666 hstoria.

1405 1696 1698 1764 Trialogum

2461 237 2544 307 33

316 1761 640 1845 Uydeford
677 1744 1091 1827 Franciscanus
1133 1778 1340 1828 contra
1367 1767 1737 1850 Catalogum
1765 1764 2031 1832 Uniclivi
2080 1767 2145 1832 in
2180 1771 2288 1835 18.
2308 1787 2426 1856 rag.
2457 1801 2544 1849 με

222 1849 521 1914 articulis
534 1852 612 1916 ad
640 1849 1147 1936 archiepiscopum
1175 1856 1465 1916 Cantuar:

313 1941 757 2004 Determinatio
786 1940 1029 2004 Ricardi
1053 1939 1459 2023 Fizradulphi,
1493 1937 1923 2024 archiepiscopi
1940 1944 2286 2024 Armacani,

222 2042 445 2090 contra
487 2026 702 2091 fratres
739 2028 1164 2105 mendicanteS,
1217 2027 1279 2090 in
1325 2048 1447 2111 qua
1475 2030 1735 2110 primum
1769 2032 1942 2111 ponit
1974 2032 2289 2112 epistolam

224 2116 491 2192 joannes
521 2117 715 2199 Papae,
743 2116 959 2179 deinde
973 2115 1050 2177 fic
1073 2117 1284 2198 incipit
1302 2114 1354 2198 t]
1403 2117 1520 2177 Sed
1530 2119 1717 2200 quia
1699 2117 1808 2195 ista
1830 2119 2149 2197 constitutio
2172 2122 2286 2186 δῖε.

224 2201 691 2284 Leyland.1n
719 2203 836 2267 fine
860 2204 995 2267 libri
1018 2204 1291 2266 additum
1317 2219 1462 2278 erat,
1509 2226 1544 2265 a
1565 2204 1838 2286 quodam
1881 2207 2045 2267 bono
2070 2204 2290 2271 scilicet

222 2286 433 2366 fratre,
477 2295 879 2354 Armacanum
920 2291 1289 2354 malitiosum
1315 2290 1484 2354 fuisse
1513 2293 1882 2369 haereticum,
1937 2295 1996 2354 8c
2031 2293 2287 2361 citatum

221 2396 265 2439 a
287 2374 574 2448 fratribus
613 2379 898 2442 Avinioni
933 2401 1137 2443 coram
1166 2381 1520 2445 Innocentio
1547 2377 1713 2445 sexto
1747 2341 2153 2465 comparuisse,
2198 2380 2286 2448 se·

223 2486 496 2550 nemque
523 2468 752 2531 ibidem
773 2469 975 2532 obiiffe
996 2469 1054 2531 &
1081 2464 1379 2551 sepultum
1409 2469 1600 2534 fuisse.

313 2558 590 2640 Rogerus
618 2556 694 2618 de
726 2559 995 2639 Conwey
1023 2552 1443 2619 Franciscanus
1483 2573 1695 2619 contra
1727 2557 2287 2630 determinationem

222 2643 549 2707 Annacani
579 2644 657 2706 de
685 2642 1028 2724 fratribus]
1077 2646 1247 2725 Corff
1217 2640 1310 2725 ff
1285 2667 1334 2705 o
1356 2645 1414 2710 ὠ
1435 2644 1827 2726 pulchritudo.

312 2729 535 2795 Beston
563 2732 881 2795 Carmelita
910 2733 985 2795 de
1030 2733 1354 2795 virtutibus
1383 2734 1443 2795 8c
1465 2734 1623 2796 vitiis
1652 2732 1964 2817 oppolitis.

310 2820 555 2902 Waleys
583 2817 646 2882 su
653 2842 759 2903 per
783 2819 1016 2883 fabulas
1042 2820 1285 2885 Ovidii.¹

313 2908 701 2990 Baconthorp
725 2909 980 2984 Carmel:
1014 2905 1188 2990 super
1217 2908 1400 2971 libros
1433 2908 1809 2975 Ethicorum.

315 2994 748 3059 Lincolnienfis
776 2993 949 3078 super
981 2999 1041 3062 8.
1087 2995 1274 3060 libros
1320 2995 1737 3078 Phyficorurn‚
1786 2995 1961 3081 super
1991 2996 2176 3067 libros
2204 2995 2282 3066 de

401 3084 559 3147 coelo
586 3084 644 3146 &
668 3085 925 3150 mund0.
1060 3157 1069 3161 ff

311 3171 486 3235 Idem
513 3169 686 3255 super
712 3172 849 3235 libr:
884 3173 960 3236 de
987 3175 1387 3255 generatione,
1432 3173 1493 3237 &
1519 3172 1705 3238 libros
1733 3177 2167 3243 Meteororum.

311 3258 485 3323 Idem
515 3261 593 3324 de
613 3260 899 3343 potentiis
927 3265 1161 3327 animae.
1881 3301 1884 3306 ι

208 3383 211 3386 -
312 3348 489 3411 Idem
519 3346 692 3432 super
720 3349 1201 3424 Praedicamenta.

310 3433 648 3499 TraCiatus
678 3435 936 3518 ejusdem
965 3438 1040 3501 de
1071 3442 1289 3524 Spaera.
1345 3425 1361 3458 ”

309 3526 649 3607 Computus
678 3524 957 3608 ejusdem.

307 3605 689 3712 Qaestioffes
717 3611 980 3695 eiusdem
1007 3611 1181 3697 super
1202 3611 1387 3677 libros
1410 3613 1794 3686 Ethicorum.

307 3700 577 3764 Praecica
609 3705 995 3777 Geometriae‚
1041 3701 1255 3764 eodem
1282 3717 1512 3766 autore.

301 3789 581 3853 Ockham
609 3787 783 3873 super
815 3794 876 3853 8.
909 3790 1097 3853 libros
1128 3789 1541 3871 Phyficorum.

300 3875 752 3958 Yponostichon
782 3872 1094 3941 Laurentii
1125 3876 1566 3943 DunelmenfiS.

300 3964 519 4028 Guido
545 3965 621 4027 de
647 3966 927 4028 omnibus
950 3965 1285 4030 haeresibus.

299 4051 539 4116 Giraldi
568 4050 949 4123 Cambrenfis
983 4054 1136 4119 liber
1165 4054 1241 4116 de
1269 4051 1505 4117 Walliae
1540 4048 1956 4137 topographia,
2002 4045 2141 4118 sede
2174 4057 2273 4142 3*.,Ι

192 4140 320 4204 ‘lan
369 4141 514 4203 dex.
547 4162 582 4201 a
611 4157 799 4225 tergo,

293 4228 608 4312 Ranulphi
632 4228 959 4312 Higeduni,
1008 4191 1332 4300 Castrensis
1358 4228 1668 4312 monachi,
1714 4225 1978 4296 historia.

294 4316 597 4385 Chronica
625 4318 894 4385 Martini.

1767 4455 1771 4460 -
1839 4394 2275 4472 Lineolnienfis
