2850 4850
345 211 461 284 ·64
943 200 1551 289 JOANNIS
1645 202 2290 279 LELANDI

691 341 1035 426 Stephanus
1058 348 1340 409 Cantuar:
1384 342 1556 428 super
1584 342 2074 409 Eccleliasticum.

697 431 982 494 Rabanus
1010 428 1187 515 super
1204 433 1656 516 Paralipomena
1678 430 1882 496 Hester
1910 433 1971 498 δε
1998 429 2237 512 Judith⁶

698 517 972 581 Gorham
1005 513 1182 604 super
1210 520 1569 583 Matthaeum
1597 522 1655 582 8c
1687 524 1939 584 Lucam.

696 606 1072 670 Moralitates
1102 607 1353 670 Roberti
1374 607 1639 671 Grostest
1663 605 1836 691 super
1864 628 1929 682 4.
1960 606 2304 689 Evangelia.

692 694 948 770 joannes
972 698 1301 780 Capgrave‚
1331 692 1408 757 fr.
1428 692 1684 779 Augusti
1704 719 1721 757 ε
1753 693 1929 781 super
1949 694 2116 759 astus
2134 692 2562 781 Apostolorum
2586 687 2669 753 ad

611 779 759 844 GuI:
805 778 1148 865 episcopum
1178 780 1494 847 Eliensem.

695 866 977 950 Epistolae
1007 870 1258 934 Roberti
1289 861 1589 935 Lincolnzf

692 956 834 1019 Odo
861 955 1037 1040 super
1067 955 1431 1023 Psalterium.

687 1042 1121 1108 Lincolnienfis
1150 1040 1225 1108 de
1251 1045 1619 1110 veritatibus.-

690 1129 924 1196 Gerson
954 1133 1030 1196 de
1060 1132 1396 1216 pollutione
1415 1132 1731 1197 nofiurna.

691 1219 905 1283 Petrus
933 1219 1011 1284 de
1040 1220 1285 1284 Auriola
1313 1218 1488 1304 super
1519 1239 1580 1286 2.
1620 1219 1759 1286 libr:
1791 1222 2061 1286 Sentenn

689 1309 902 1370 Petrus
924 1307 1001 1370 de
1030 1308 1259 1371 Candia
1288 1305 1463 1391 super
1492 1312 1759 1372 Sentent:
1814 1343 1819 1348 ·

692 1391 1011 1458 Gerardus
1040 1395 1116 1459 de
1140 1389 1308 1457 Senis⁸
1332 1392 1504 1478 super
1534 1415 1591 1459 1.
1632 1400 1896 1459 Sentent:

686 1481 951 1560 Jacobus
972 1482 1046 1545 de
1062 1483 1332 1547 viterbio
1358 1482 1539 1567 super
1557 1503 1590 1567 3
1603 1530 1617 1547 .
1647 1485 1788 1548 libr:
1825 1488 2090 1548 Sententz

687 1570 893 1632 Okam
919 1565 1092 1654 super
1115 1569 1469 1635 Sententia-s,

684 1656 929 1719 Fizaker
957 1655 1128 1741 super
1160 1663 1423 1722 Sentent:

689 1744 1021 1827 Gregorius
1047 1747 1122 1809 de
1149 1747 1423 1809 Arimino
1448 1742 1624 1830 super
1653 1749 1923 1812 Sententz
2038 1797 2041 1800 -

691 1832 1110 1898 Bonaventura
1134 1831 1307 1916 super
1337 1838 1602 1897 Sentent.
1648 1891 1653 1900 .

686 1919 1305 1985 PetrusTarentafius
1331 1919 1507 2004 super
1531 1925 1800 1986 Sentent:

688 2006 935 2072 Summa
953 2010 1198 2076 Roberti
1222 2007 1648 2074 Lincolnieniis
1676 2009 1737 2072 in
1761 2021 1948 2070 totam
1969 2003 2425 2091 philosophiam,
2464 2005 2646 2087 cnjus

596 2093 828 2174 primus
865 2095 1151 2160 metatus
1193 2094 1278 2161 est
1326 2097 1403 2160 de
1449 2097 1654 2180 primis
1701 2090 2066 2179 philosophis
2110 2093 2148 2159 ὃ,
2191 2110 2461 2180 tempore
2505 2097 2648 2158 Noe

593 2178 780 2263 usque
808 2184 884 2245 ad
916 2186 1164 2265 Cyrum,
1211 2205 1409 2268 regem
1441 2181 1772 2249 Persarum.

682 2269 1102 2334 Lincolnienfis
1146 2268 1321 2357 super
1361 2274 1425 2335 8.
1471 2271 1654 2335 libros
1703 2268 2109 2354 Physicorum.
2199 2266 2303 2338 Est
2341 2266 2642 2356 quiddam

592 2355 1100 2475 compendiosum.

676 2445 948 2509 Andreas
974 2449 1273 2513 Antonius
1302 2445 1477 2530 super
1497 2444 1836 2530 Metaphys:
1866 2443 2112 2511 Aristot:

680 2533 944 2612 Bulkfeld
975 2532 1149 2618 super
1177 2533 1511 2618 Metaphys:
1541 2534 1787 2600 Aristotz

678 2620 898 2704 Burley
925 2622 1097 2706 super
1139 2624 1323 2688 libros
1355 2622 1734 2688 Ethicorurn
1771 2619 2099 2687 Aristotelis
2146 2663 2643 2688 ......

261 2805 380 2870 Peg.
404 2814 486 2858 σι.
680 2795 995 2881 Expofitio
1039 2799 1233 2863 fratris
1262 2800 1532 2864 Beroaldi
1558 2797 1789 2863 ordinis
1817 2797 2065 2862 Praedic:
2111 2794 2280 2885 super
2319 2795 2635 2863 elementa·

591 2879 752 2946 tione
782 2887 1159 2969 Theologica
1186 2887 1412 2953 Procli.
1560 2922 1601 2977 '.

678 2976 898 3058 Burley
929 2977 1003 3039 de
1030 2973 1265 3054 formiS,
1308 2977 1383 3037 de
1411 2971 1688 3052 sensibus,
1734 2974 1812 3038 de
1846 2972 2129 3037 divisione
2176 2973 2348 3044 entis,
2399 2970 2475 3032 de
2497 2985 2637 3032 toto

677 3062 738 3123 &
775 3080 962 3145 parte,
1003 3064 1078 3126 de
1106 3061 1278 3125 finito
1305 3063 1363 3125 &
1384 3062 1646 3138 infinito,
1681 3062 1756 3125 de
1785 3062 2027 3125 duobus
2053 3060 2380 3145 principii3‚
2425 3060 2503 3123 de
2522 3060 2634 3120 tri·

252 3173 483 3226 Libelluli
672 3149 787 3211 bus
818 3152 878 3212 in
903 3167 1031 3214 toto
1057 3149 1332 3214 universo
1358 3172 1465 3233 per
1495 3147 1554 3213 se
1594 3152 1930 3232 agentibuS,
1976 3150 2052 3212 de
2087 3148 2503 3232 qualitatibus,
2549 3147 2634 3210 de

254 3254 438 3291 omnes.
667 3235 951 3301 divisione
984 3241 1268 3320 potentiae
1307 3238 1372 3301 in
1401 3236 1662 3300 aftivam
1700 3239 1759 3299 8r
1793 3236 2082 3320 passivam,
2127 3237 2203 3298 de
2233 3220 2633 3298 *difinitione

665 3325 726 3386 8c
753 3327 943 3389 modo
973 3327 1311 3400 definiendi,
1360 3327 1436 3387 de
1488 3326 1763 3400 relativis»,
1811 3325 1888 3388 de
1917 3323 2242 3397 abstrae'tiS,
2290 3323 2369 3386 de
2392 3327 2629 3385 merno-

609 3484 612 3487 ,
663 3413 747 3476 ria
769 3413 829 3476 &
855 3412 1301 3490 reminiscentia,
1350 3413 1428 3475 de
1456 3412 1833 3496 longitudine
1852 3414 1911 3475 δι
1940 3415 2229 3475 brevitate
2258 3411 2416 3474 vitae.
2546 3446 2559 3459 κ

674 3502 850 3565 Libri
882 3524 942 3586 3.
974 3502 1294 3564 Alexandri
1329 3500 1553 3563 ordinis
1598 3500 1911 3563 Minorum
1948 3500 2025 3561 de
2062 3502 2253 3561 anima
2284 3500 2361 3560 ad
2392 3497 2627 3578 Philip-

613 3609 762 3674 pum
794 3589 870 3654 de
898 3589 1192 3653 Melduno
1218 3605 1507 3673 tanquam
1540 3587 1968 3652 commentaria
1994 3590 2051 3651 in
2076 3588 2263 3651 libros
2289 3584 2627 3649 Aristotelis

613 3679 692 3741 de
721 3679 937 3740 anima.

648 3769 849 3827 Bacon
871 3765 947 3828 de
964 3765 1227 3828 utilitate
1270 3763 1715 3842 astronomiae.]
1765 3763 2041 3845 Superius
2063 3760 2284 3846 quidem
2301 3759 2513 3823 dicium
2545 3759 2625 3837 est

560 3852 709 3934 quod
731 3872 919 3918 1022.
946 3853 1471 3937 suntstellaefixae,
1501 3875 1753 3936 quarum
1775 3853 2143 3936 quantitates
2164 3847 2392 3936 poffimt
2412 3851 2620 3929 appre-

562 3938 729 4001 hendi
744 3944 857 4022 per
884 3942 1266 4021 instrumenta
1299 3940 1665 4020 astronomiae.

648 4029 930 4091 Albertus
959 4030 1034 4090 de
1062 4020 1293 4113 origine
1325 4030 1557 4089 animae.
1823 4103 1837 4113 Ο
2416 4076 2421 4080 .

644 4118 741 4177 De
779 4116 1128 4180 nominibus
1176 4118 1468 4179 librorum
1499 4115 1868 4178 astronomiae
1910 4115 2020 4198 qui
2054 4110 2207 4176 stant
2236 4133 2376 4176 cum
2407 4109 2529 4174 fide
2557 4109 2618 4173 δε

457 4246 458 4251 1
562 4219 703 4267 non.
1327 4232 1336 4241 ·

642 4294 842 4356 Bacon
871 4288 1044 4376 super
1092 4292 1277 4358 libros
1327 4289 1736 4371 Phyficorum.
1829 4286 1925 4354 Sic
1969 4288 2232 4377 incipit‚]
2308 4286 2615 4439 Postqudaicrlrf

1055 4422 1058 4425 1
1378 4422 1382 4427 <
1396 4404 1428 4467 f
1467 4397 1558 4446 Sic.
1894 4444 1900 4451 ,
2145 4398 2153 4407 ’
2382 4388 2488 4441 tm
2584 4394 2610 4435 1
2802 4414 2803 4473 1
