2850 4850
446 159 2037 250 'ANTIQUARIICOLLECTANEAs
2221 120 2226 129 ’
2423 172 2538 321 5,ξέ

162 297 550 453 ἶῑέίὶωοιιε
625 304 992 365 Sermonum
1021 316 1168 360 vero
1212 295 1367 361 liber
1411 295 1495 363 fic
1532 296 1790 383 incipit:
1850 304 1997 364 Ecce
2017 300 2272 384 fratres

295 392 385 454 Hi
428 391 543 452 tmi

269 474 634 540 Tra&ams
682 472 934 556 Joannis
975 470 1331 557 Bromyard,
1377 472 1680 560 applicans
1712 475 1856 556 jura
1899 479 2180 541 canonica
2206 478 2271 541 81

166 564 392 633 civilia
424 565 515 628 ad
543 563 861 629 materiam
881 564 1197 625 moralem.

264 651 658 716 Additiones
703 651 961 716 Roberti
991 648 1228 714 Gostest
1270 651 1334 713 in
1383 648 1570 713 libros
1615 644 1970 717 Damasceni
1998 648 2076 717 de
2103 667 2268 727 ortp-

169 738 349 803 doxa
384 740 547 816 fide,
593 759 748 823 quos
774 737 989 803 sciolus
1018 738 1267 822 quidam
1291 736 1452 800 male
1473 736 1508 799 ὲ
1536 742 1753 801 Graeco
1778 738 2170 817 transtulerat,
2201 739 2271 804 id

172 826 367 915 quod
402 829 725 891 Robertus
758 825 1049 891 beneficio
1077 825 1331 890 correffi
1359 827 1719 907 exemplaris
1747 826 1948 891 Graeci
1975 827 2136 892 fecit.

269 915 553 980 Tabula
584 913 734 978 Gul:
780 915 1089 996 Sudbury‚
1165 913 1464 978 monachi
1487 911 1828 979 Westmon:
1873 912 2048 1000 super
2088 915 2272 980 libros

174 1002 409 1070 Sansti
446 996 717 1067 Thomae
752 1003 831 1066 de
857 1001 1129 1086 Aquino.

268 1089 640 1174 Prophetiae
668 1092 938 1170 Joannis,
982 1089 1251 1153 canonici
1280 1089 1355 1152 de
1383 1087 1789 1174 Bridlington.

274 1180 632 1243 Traetatus
662 1179 908 1258 Joannis
931 1180 1176 1257 Colton,
1220 1175 1644 1264 archiepiscopi
1666 1178 2009 1256 Armatam,
2055 1196 2168 1262 pro
2189 1175 2273 1241 se·

175 1265 455 1334 datione
482 1264 785 1331 scismatis,

200 1372 211 1381 ·
275 1354 742 1419 Determinatio
796 1353 1064 1421 Thomae
1109 1353 1346 1421 Palmer
1388 1353 1467 1419 de
1512 1353 1644 1418 ord.
1695 1302 2164 1419 Praedicatorum
2206 1354 2272 1421 in

182 1442 464 1509 materia
486 1441 805 1507 Scismatis.

281 1529 744 1597 Determinatio
769 1529 1007 1599 Nicolai
1025 1529 1372 1591 Fakenham
1401 1528 1480 1591 de
1508 1529 1722 1591 ordine
1744 1528 2084 1597 Minomm.
2189 1552 2195 1561 ·

284 1616 751 1683 Determinatio
777 1620 960 1681 Akon
990 1615 1182 1678 Praed:
1213 1616 1288 1678 de
1317 1614 1569 1677 materia
1598 1612 1918 1680 ScismatiS.

286 1704 751 1775 Determinatio
768 1702 1008 1770 Nicolai
1036 1699 1330 1767 Rischton
1359 1703 1437 1764 de
1464 1698 1746 1767 scismate.

1902 1810 2031 1861 Avin
2055 1812 2138 1861 oni
2231 1858 2242 1867 ,

204 1876 217 1883 ’
283 1879 629 1946 Armacani
658 1874 952 1945 sermones
972 1883 1078 1965 89.
1111 1878 1335 1964 partim
1363 1899 1571 1942 coram
1600 1878 1886 1961 pontifice
1905 1811 2052 1957 R0,i
2048 1881 2276 1964 partim

192 1969 395 2040 etiarn
424 1969 493 2032 in
518 1967 738 2052 Anglia
766 1967 935 2032 d16h
939 1972 974 2045 ]
1023 1967 1213 2031 Cum
1172 1967 1439 2050 jejunas,
1487 1989 1640 2051 unge
1668 1964 1874 2048 caput:

288 2054 631 2122 Armacani
656 2055 809 2122 liber
836 2071 1039 2122 contra
1068 2053 1282 2120 fratres
1311 2054 1738 2132 mendicantes,
1783 2054 2090 2161 continens
2125 2053 2189 2117 in
2217 2052 2276 2122 se

208 2141 321 2214 16.
365 2143 636 2213 libellos.

1003 2231 1488 2315 Wqstmonqsterii.

578 2336 875 2419 Disticbon
902 2358 982 2401 ex
1008 2340 1297 2423 epitaphio
1325 2336 1599 2434 Gaffrfdi
1623 2337 1924 2405 Chauceri.

390 2444 719 2513 Galfredus
750 2449 1049 2523 Chaucer‚
1093 2466 1255 2514 vates
1284 2450 1344 2511 8τ
1372 2444 1534 2510 fama
1563 2446 1750 2531 poesis

485 2539 795 2617 Maternae‚
843 2536 959 2602 hac
975 2532 1132 2609 sacra
1163 2533 1293 2605 sum
1324 2537 1656 2601 tumulatus
1685 2535 1901 2601 humo.
2007 2589 2013 2602 .

304 2826 569 2907 joannes
596 2827 824 2892 Gower
867 2822 1130 2930 sepultus
1174 2821 1261 2888 est
1288 2825 1452 2909 apud
1501 2785 1814 2891 canonicos
1870 2825 2222 2890 Marianos‘
2208 2847 2275 2892 m

213 2910 352 2998 ripa
397 2913 696 2993 Tamesis,
743 2914 808 2979 in
845 2918 940 2996 cuj
945 2935 1017 2978 us
1068 2911 1286 2997 effigiei
1334 2918 1530 3001 capite
1575 2936 1797 2980 corona
1834 2911 1920 2977 est
1946 2934 2024 2977 ex
2062 2913 2287 2978 hedera'

220 3002 368 3066 tofis
399 3001 699 3080 distincta,
744 3005 810 3067 in
853 3004 1013 3065 collo
1056 3016 1278 3076 catena,
1352 3002 1639 3088 equestris
1696 3002 1922 3065 ordinis
1966 3001 2277 3067 inditium.
2337 3073 2344 3080 ,

211 3084 357 3154 Sub
386 3089 585 3175 capite
609 3106 724 3154 tres
751 3087 913 3167 libri,
960 3088 1141 3157 instar,
1169 3026 1665 3173 pulvinglriorum,
1710 3111 1856 3153 cum
1877 3088 1968 3152 his
1990 3086 2281 3172 inscripti-

222 3176 490 3262 onibus':
534 3177 938 3265 “Speculum
962 3177 1355 3241 meditantis.
1418 3182 1563 3242 Vox
1583 3178 1933 3241 clamantis·
1980 3175 2283 3246 Confeffio

251 3263 600 3332 ‘amantiss
583 3264 621 3296 '²
699 3267 869 3330 Vixit
891 3279 1161 3349 tempore
1192 3264 1433 3329 Ricardi
1466 3285 1527 3332 2.
1571 3265 1629 3329 ὅτ
1651 3263 1894 3328 Henrici
1916 3263 2139 3348 quarti,
2181 3262 2285 3328 cui

223 3348 410 3417 libros
437 3351 585 3430 suos
611 3351 934 3420 dedicavit.
1028 3358 1331 3437 Tempore
1360 3354 1608 3433 Joannis
1640 3351 1990 3418 coenobium
2018 3355 2120 3415 Sae.
2149 3353 2285 3414 Ma·

224 3437 331 3503 riae
357 3441 773 3545 conflagravit,
842 3439 1129 3526 quodpo
1129 3439 1179 3504 st
1222 3443 1451 3506 multos
1491 3461 1676 3505 annos
1703 3461 1848 3504 cura
1877 3441 1937 3502 81
1965 3434 2278 3513 industria,

231 3530 450 3611 partim
502 3530 690 3594 etiam
732 3528 1072 3614 sumptibus
1049 3464 1236 3594 posuis
1284 3529 1652 3596 restauravit.
1740 3531 1897 3591 Nam
1940 3541 2080 3588 ante
2122 3523 2282 3590 illius

230 3628 502 3700 tempora
530 3619 806 3703 quamvis
835 3619 1108 3681 canonici
1134 3632 1360 3726 veteres
1381 3615 1544 3684 sedes
1563 3614 1923 3692 retinebant,
1954 3611 2280 3699 squallebat
2391 3670 2395 3672 Α

230 3715 433 3768 tamen
461 3700 743 3774 semiruta
768 3704 1025 3774 ecclelia.

316 3795 493 3862 Uxor
515 3795 745 3858 Goueri
773 3791 1008 3860 ibidem
1032 3790 1278 3878 sepulta.

624 3897 698 3964 In
726 3898 1062 3962 bibliotheca
1088 3900 1595 3988 Francifiunorum
1627 3893 2486 3974 Londini.1²ag.
2505 3910 2594 3971 ης

316 3997 462 4061 Vita
485 4001 548 4064 S.
579 3999 920 4065 AEduuardi
946 4001 1245 4083 martyriS,
1292 4004 1506 4088 ignoto
1533 4017 1765 4064 autore.

316 4083 583 4149 Historia
605 4091 801 4150 lvonis
829 4089 1260 4168 Carnotenfis.]
1311 4089 1665 4176 Affyriorum
1686 4088 1881 4173 igitur
1907 4106 2043 4155 rex.

290 4165 621 4256 sigeberti
648 4174 937 4238 monachi
960 4176 1224 4242 historia.

324 4259 627 4330 Chronica
654 4261 929 4330 Martini.

236 4419 243 4428 ,
332 4423 343 4436 ,
409 4350 787 4438 Tom.111.„
1035 4393 1047 4404 -
1315 4349 1385 4434 G
1487 4357 1548 4378 ’·
1629 4361 1638 4368 ·
1775 4355 1780 4360 ’
1952 4341 2302 4422 Alexander
