2850 4850
511 183 1189 270 ANTIQUARII
1260 184 2093 265 COLLECTANEA.

222 332 410 398 erafi
444 331 615 397 tituli
648 329 910 415 vestigiis
939 326 1224 414 suspicor,
1267 329 1441 396 fuiffe
1469 333 1547 397 de
1576 333 2043 400 Universalibus.

343 425 621 486 Cowton
651 418 825 504 super
854 419 1212 487 sententias.
1219 424 1250 500 ]
1302 423 1400 485 Sic
1429 421 1576 486 dicit
1599 425 1802 489 beatus
1833 422 2179 509 Ambrqlt'us.
2362 449 2401 501 p

326 505 788 575 Bradwardein
817 508 893 570 de
913 508 1108 579 caussa
1137 508 1257 573 dei.

332 597 686 682 Qolibeta
716 595 964 676 Joannis
993 600 1192 659 Okam
1220 599 1567 682 inceptoris.

338 685 529 748 Idem
557 684 635 748 de
653 683 1016 748 sacramento
1043 684 1260 751 altaris.

338 771 524 835 Idem
552 770 662 857 sup
664 794 730 836 er
759 776 1110 837 Sententias.

318 863 537 923 Ware
551 795 742 945 super
771 859 952 926 libros
972 859 1437 933 Sententiarum.

342 949 655 1013 Peccham
681 945 852 1032 super
884 949 1241 1014 sententias.

344 1035 726 1140 Qaestiones
757 1039 1055 1101 Peccham
1083 1037 1158 1099 de
1186 1035 1449 1099 vanitate
1479 1038 1910 1103 mundialium.
2385 1112 2399 1123 ⁶

240 1211 299 1278 d
344 1125 741 1188 Itinerarium
767 1122 1055 1206 ejusdem,
1103 1146 1225 1188 non
1271 1122 1519 1189 insulsus
1557 1126 1768 1207 liber.]
1860 1128 2177 1215 Cotfitebor
2217 1130 2331 1194 tibi

290 1214 510 1277 omine.
1469 1257 1477 1266 -

351 1301 612 1366 Suttoni
632 1300 881 1387 quaestio
908 1301 984 1365 de
1012 1300 1245 1366 unitate
1275 1299 1509 1368 formae.

348 1389 617 1455 Ockarni
643 1389 895 1477 quaestio
925 1392 999 1453 de
1027 1390 1368 1474 pluralitate
1397 1389 1627 1456 formae.

353 1478 734 1563 Qaestiones
756 1480 1031 1543 Pechami
1061 1481 1137 1541 de
1168 1475 1288 1541 sacn
1290 1495 1536 1543 amento
1564 1478 1783 1545 altariS.

354 1566 612 1631 Holcoti
638 1565 865 1630 leetura
897 1564 1070 1650 super
1101 1569 1456 1631 Sententias.

353 1653 609 1719 Fizaker
632 1650 694 1717 su
705 1675 806 1737 per
824 1654 1013 1718 libros
1045 1657 1508 1721 Sententiarum.
2102 1655 2331 1735 [duxit.

355 1742 654 1807 Ricardus
684 1744 761 1806 de
788 1742 988 1807 media
1017 1743 1161 1809 villa
1188 1740 1361 1828 super
1392 1743 1784 1822 SententiaS.]
1839 1742 2179 1827 Abscondita
2194 1750 2334 1828 pro·

695 1883 769 1948 In
797 1882 1132 1950 bibliotheca
1161 1886 1623 1951 Praedicatorum
1654 1885 1915 1952 Londini.

361 2010 592 2079 Trivet
618 2005 792 2095 super
820 2005 1193 2074 Psalterium
1202 2014 1235 2093 ]
1289 2013 1458 2075 Inter
1480 2013 1722 2076 celebres
1747 2013 1974 2076 Veteris
1997 2011 2343 2092 ‘Testamenti

269 2114 425 2168 tran
471 2113 719 2163 attones.

366 2099 624 2257 P'glstillae
679 2184 916 2249 Nicolai
974 2186 1273 2266 Gorham,
1347 2185 1546 2251 fratris
1587 2186 1782 2251 Praed.
1830 2182 2005 2271 super
2040 2189 2292 2250 Lucam.
2297 2189 2336 2266 ]

272 2279 479 2360 Dfiip
484 2277 603 2340 lina
630 2273 855 2338 medici.

368 2361 726 2446 Kilwardby
755 2358 932 2447 super
953 2361 1223 2447 epistolas
1252 2363 1425 2429 Pauli
1460 2365 1540 2432 ad
1564 2368 1866 2432 Romanos
1897 2366 1955 2428 &
1987 2306 2339 2432 Corinthos.

368 2453 619 2518 Fizaker
649 2448 821 2533 super
851 2450 1217 2516 Psalterium.

368 2542 636 2604 Lectura
663 2539 904 2622 Waleys
934 2536 1110 2623 super
1139 2542 1290 2604 duos
1314 2541 1637 2605 noCturnos
1670 2538 1955 2607 Psalterii.
2222 2544 2341 2619 [te.

367 2630 547 2694 Idem
569 2626 742 2710 super
762 2626 1073 2711 epistolam
1085 2629 1161 2690 ad
1177 2628 1480 2694 Hebraeos.
1488 2634 1518 2708 ]
1553 2634 1768 2691 Beatus
1789 2631 1940 2694 homo
1952 2627 2300 2715 quisperat
2276 2650 2341 2692 m

374 2714 804 2781 Lincolniensis
832 2714 1007 2798 super
1040 2717 1192 2779 duos
1223 2715 1406 2779 libros
1437 2715 1859 2781 posteriorum.

375 2803 621 2868 Wiford
647 2818 853 2866 contra
873 2803 1245 2889 Trialogum
1262 2803 1550 2869 Uuiclivi.
2105 2847 2120 2852 -

373 2892 673 2957 Wiclivus
701 2891 778 2953 de
809 2910 1158 2974 paupertate
1190 2892 1414 2958 Christi
1444 2906 1652 2957 contra
1679 2889 2113 2958 ecclefiasticos.

377 2981 707 3054 Alueredus
732 2980 807 3042 de
833 2997 1004 3046 motu
1035 2984 1256 3047 cordiS.

381 3068 713 3132 Aldruidus
735 3065 809 3129 de
836 3070 1062 3150 quintis
1092 3068 1366 3134 essentiis.
1713 3131 1718 3137 .

383 3155 648 3221 Grostest
674 3154 750 3218 de
781 3156 1056 3221 Comitis,
2173 3149 2350 3233 [δας.

383 3246 664 3309 Alueredi
682 3264 1091 3309 commentum
1124 3243 1293 3329 super
1317 3245 1501 3310 libros
1531 3241 1859 3309 Aristotelis
1889 3240 1965 3307 de
1993 3233 2343 3329 vegetabili·

382 3334 721 3397 Alexander
749 3332 1161 3414 Aphrodiseus
1183 3336 1266 3397 de
1298 3351 1586 3416 ternpore.

386 3423 690 3487 Athelardi
727 3420 1118 3503 problemata.
1179 3421 1528 3487 Leilaudus.
1590 3424 1819 3487 Omnes
1842 3414 2079 3489 excifi
2050 3440 2083 3481 e
2106 3415 2349 3495 forulis,

469 3513 529 3574 8τ
558 3510 725 3573 furto
753 3504 989 3576 sublati.

404 3598 800 3670 Guimundus
1695 3667 1698 3670 .

344 3612 778 3847 {Lanfrancus
865 3620 911 3852 ξ
955 3686 1028 3750 de
1056 3684 1339 3772 sanguiue
1370 3685 1622 3751 domini.

276 3821 281 3824 -
409 3775 691 3838 Rabanus

387 3861 600 3927 Trivet
627 3860 770 3946 supe
771 3883 800 3923 r
834 3866 1116 3930 Boetium
1157 3865 1231 3928 de
1275 3861 1676 3929 consolatione
1707 3857 2058 3942 philosop-11
2126 3855 2354 3939 Expla-

302 3952 558 4016 nationes
583 3952 883 4019 librorum.

386 4038 669 4102 Giraldus
702 4041 1079 4106 Cambrenfis
1100 4042 1178 4104 de
1210 4040 1499 4125 principe,
1544 4041 1676 4121 ejus
1712 4036 2103 4113 mstitutione,
2149 4034 2208 4098 &
2230 4033 2350 4094 vir-

310 4124 554 4190 tutibus.
557 4130 593 4204 ]
647 4128 713 4190 In
742 4134 943 4211 apibus
976 4131 1083 4192 rex
1109 4152 1276 4194 unus.

387 4213 838 4281 Antidotarium
861 4218 1105 4297 Joannis
1138 4216 1515 4283 Damasceni.

389 4300 608 4385 Trivetl
630 4299 809 4393 super
831 4308 1190 4393 Tragoedias
1222 4310 1507 4388 Seneca]
1555 4301 1739 4372 ,Rudis
1769 4299 2161 4386 Adolescentiae
2190 4297 2303 4357 Sec.

1261 4398 1325 4460 G
1369 4412 1410 4465 2
1545 4465 1548 4468 ,
2052 4378 2378 4471 joachimi·

2493 215 2574 281 51

2402 465 2475 517 ag.
2502 465 2593 509 50³
