2850 4850
455 206 1145 314 ANTIQUARII
1230 210 2096 298 coL'LEc'rANEA-
2467 256 2551 328 23

330 364 508 428 Idem
540 363 616 426 de
641 358 1025 445 respiratione
1047 362 1108 422 8<
1130 357 1531 442 inspiratione.

330 453 509 517 Idem
537 452 613 514 de
644 449 928 513 divisione
955 446 1372 533 philosophiae.

334 541 514 602 Idem
538 540 622 602 de
650 536 977 600 coloribus.

330 626 534 690 Procli
563 626 856 688 Platonici
879 625 1263 689 elementatio
1297 623 1662 709 theologica,
1690 585 2050 690 Laitnitaoe
2080 627 2304 693 donata

225 714 554 779 viterbii
527 737 561 776 a
589 714 857 797 quodam
873 711 1150 777 fratreG.
1166 714 1241 776 de
1255 713 1562 775 Morbetta
1573 715 1972 778 Praedicatore
2005 719 2194 781 1268.

323 802 694 877 GulielmuS,
726 803 1060 864 monachus
1074 799 1480 875 Ramefienfis,
1511 799 1938 883 scripfitlibros
1960 825 2030 878 4.
2049 804 2124 867 de
2146 821 2296 869 tem·
2351 848 2364 853 ι
2573 796 2644 885 Υζ,

223 890 494 975 poribus
524 892 583 952 8c
612 888 866 964 naturiS,
909 889 1204 953 deflorans
1232 888 1530 951 Isidorum
1559 891 1618 950 8<
1658 883 1912 965 Bedam,
1956 892 2058 957 vel
2091 894 2292 973 potius
2547 894 2550 899 ’
2593 882 2658 935 »“”

224 979 309 1043 in
357 999 573 1042 eorum
622 977 807 1042 libros
853 976 1283 1040 commentaria
1327 973 1608 1041 scribens.
1705 981 1805 1040 De
1832 979 1950 1040 hoc
1975 980 2328 1045 Gubelmo·

222 1067 512 1130 eruditus
541 1065 619 1128 fic
648 1063 959 1128 annotavit
1009 1067 1073 1127 in
1112 1062 1381 1148 margine
1408 1063 1592 1127 libri.
1644 1065 1938 1129 “Unde
1923 1088 1989 1129 1n
2017 1068 2285 1148 quadam
2334 1091 2431 1159 Pag
2436 1106 2560 1145 ,m

255 1153 570 1217 “tabula
554 1176 620 1215 1n
645 1152 885 1215 ecclelia
912 1151 1364 1234 metropolitana
1405 1153 1717 1215 Salvatoris
1761 1157 2049 1216 Cantaurz
2085 1174 2283 1237 quam
2617 1158 2622 1163 '

224 1240 531 1305 “fecerat
560 1240 813 1324 quidam
836 1239 1047 1302 dodim·
1069 1238 1448 1323 Theobgiae,
1495 1241 1823 1303 monachus
1853 1240 2113 1321 ejusdem
2142 1243 2283 1320 loci,

223 1327 1335 1410 “nomineGulielmusGyllingham,
1369 1329 1446 1389 de
1473 1327 1613 1390 viris
1633 1327 1980 1403 illustribus,
2011 1330 2285 1394 videlicet

225 1424 276 1454 “
308 1419 387 1480 de
414 1416 626 1481 sanctis
665 1418 723 1478 8<
767 1417 1017 1500 egregiis
1047 1414 1415 1490 doctoribus,
1460 1416 1570 1498 qui
1602 1416 1889 1480 hactenus
1925 1416 2174 1481 fuerunt
2215 1419 2278 1483 in

222 1511 273 1541 ‘⁸
303 1506 521 1569 ordine
547 1505 1008 1579 monachorum,
1055 1503 1209 1567 inter
1236 1520 1468 1567 ceteros
1492 1503 1811 1588 nigrorum
1835 1507 2274 1570 monachorum

223 1601 275 1629 “
305 1593 579 1656 dostores
607 1591 910 1655 novissime
927 1591 1002 1655 de
1035 1592 1320 1673 praedisto
1345 1591 1662 1663 Gulielmo
1688 1591 1766 1654 fic
1790 1593 2061 1676 loquitur
2090 1621 2105 1656 :
2154 1602 2274 1658 Gu-

219 1687 269 1719 “
299 1682 541 1754 lichnus,
560 1678 923 1764 Ramestetfis
951 1681 1275 1755 monachus,
1289 1679 1530 1762 scripstt
1537 1681 1722 1761 super
1744 1681 1957 1744 Bedam
1969 1682 2038 1744 de
2059 1687 2270 1765 tempo·
2325 1722 2332 1730 ·

219 1774 274 1805 “
302 1771 466 1833 ribus
493 1769 664 1833 libros
696 1774 805 1846 4.'’
877 1768 1178 1833 Hactenus
1207 1768 1329 1834 ille.
1403 1772 1538 1852 Ego
1565 1790 1724 1831 certe
1751 1771 2160 1850 conjesturam
2182 1770 2270 1835 fa·

215 1858 339 1932 ciO,
393 1858 506 1920 hos
549 1856 662 1920 esse
687 1855 1168 1932 commentarios»,
1211 1878 1366 1938 quos
1407 1876 1598 1938 nuper
1629 1858 1745 1939 legi
1775 1856 1841 1920 in
1881 1860 2135 1942 antiquo
2161 1881 2266 1923 ex-

213 1944 496 2027 emplari,
543 1946 712 2028 quod
738 1945 1045 2009 Talbotus
1064 1943 1139 2005 ad
1157 1966 1254 2006 me
1281 1943 1463 2008 mifit.
1538 1944 1903 2009 Continebat
1924 1948 2091 2011 enim
2114 1968 2268 2031 prae

212 2048 310 2096 ter
338 2032 452 2097 alia
475 2032 551 2095 de
582 2031 953 2114 temporibus
1001 2033 1058 2095 &
1106 2032 1179 2097 de
1213 2032 1442 2095 naturis
1492 2052 1713 2096 rerum.
1812 2034 1926 2095 Sed
1954 2056 2260 2099 commen·
2284 2050 2442 2102 Talbo
2443 2067 2521 2105 ms

212 2119 355 2182 tarii
386 2122 445 2182 &
489 2120 698 2184 circuli
738 2142 938 2184 rerum
981 2120 1516 2183 astronomicarum
1562 2123 1636 2179 ad
1689 2120 2052 2197 miraculum
2090 2124 2265 2189 doeh
2279 2115 2546 2248 Βᾶἧὲιᾞῗὲτ

209 2207 364 2290 picti
405 2206 797 2292 praeferebant
845 2206 1220 2289 Brightferti‚
1267 2207 1547 2278 monachi
1579 2208 1982 2284 RamefieMiS,
2019 2232 2260 2276 nomen.
2240 2256 2327 2294 ·ut
2297 2263 2381 2294 um
2401 2266 2482 2299 mo
2484 2270 2569 2301 na-

208 2296 426 2360 Potuit
455 2312 653 2360 tamen
680 2296 1014 2359 Gulielmus
1045 2296 1306 2359 hominis
1351 2315 1696 2379 praenomen
1724 2298 1916 2363 tuille.
2272 2312 2367 2360 cuh
2337 2329 2418 2362 um
2451 2318 2588 2368 fuisse

662 2402 818 2452 forsan
841 2400 989 2465 Αἱρεῖ
939 2399 1060 2449 credi
2270 2379 2524 2497 ἔὲοωείε
2526 2402 2596 2434 n«

299 2470 628 2535 Traflatus
658 2473 734 2534 de
752 2488 928 2535 motu
950 2468 1169 2534 cordis,

294 2562 548 2623 Hermes
573 2558 976 2643 Trimegistus
1007 2558 1081 2620 de
1111 2557 1342 2641 legibus
1372 2556 1686 2621 astrorum.

293 2643 572 2712 Praetica
597 2647 894 2710 astrolabii
926 2667 1029 2745 per
1058 2647 1339 2709 eundem.

294 2735 648 2799 Ptolemaeus
673 2737 746 2797 de
773 2734 1019 2803 cometis
1048 2736 1105 2796 δι
1129 2733 1253 2797 aliis
1284 2731 1595 2817 prodigiis.

202 2877 211 2883 .
292 2823 605 2886 Abraham
634 2824 711 2886 de
739 2822 1154 2886 luminaribus.
1306 2879 1311 2886 .

293 2909 723 2974 Lincolnienfis
764 2907 844 2973 'de
875 2909 1355 2993 impreffionibus
1385 2907 1563 2971 aeriS.

230 3030 237 3040 ·
291 2999 807 3064 Introductorium
846 2996 1111 3081 magistri
1148 3000 1225 3061 R.
1259 2994 1668 3060 Herfordenfis
1711 2997 1775 3059 in
1809 3012 2005 3059 artem
2022 2995 2244 3077 judici-

192 3082 391 3148 ariam
417 3084 712 3149 astrorum
738 3109 813 3149 ex
835 3089 997 3152 dono
1027 3090 1101 3150 R.
1134 3084 1422 3166 Marchal,
1471 3082 1578 3167 qui
1607 3085 1831 3146 multos
1855 3082 2039 3148 libros
2076 3086 2242 3150 dedit

189 3165 469 3256 collegio
480 3178 562 3239 D.
598 3173 775 3239 Petri.
2255 3182 2351 3246 ᾖ

284 3261 629 3325 Gulielmus
644 3267 720 3324 W
728 3260 1049 3343 hittelesey,
1081 3257 1427 3342 utriusque
1403 3258 1555 3339 juris
1573 3256 1877 3341 professor,
1915 3280 1981 3322 ac
2000 3261 2265 3347 collegii

190 3346 267 3414 S.
287 3350 442 3413 Petri
466 3348 762 3435 magister,
811 3349 1003 3434 postea
1027 3347 1503 3431 archiepiscopus
1533 3347 1991 3414 Cantuarienfis.

828 3477 1087 3559 Versus
1064 3500 1124 3540 m
1154 3473 1373 3538 laudm
1405 3473 1588 3539 Ledae.

277 3593 503 3679 Anglia
538 3610 592 3657 te
615 3571 893 3672 celebrat,
940 3613 998 3659 te
1022 3610 1184 3659 totus
1209 3591 1482 3680 personat
1510 3595 1672 3659 orbis
1700 3596 1810 3660 ἃς.
2249 3629 2344 3693 Q

238 3686 423 3767 Mag
424 3681 560 3746 ister
606 3685 880 3747 Thomas
917 3684 1239 3765 Deynham
1265 3684 1492 3747 multos
1532 3682 1720 3747 libros
1749 3684 1911 3746 dono
1945 3681 2112 3750 dedit
2142 3621 2226 3748 bi·

182 3705 509 3836 bliothecae
532 3771 767 3855 collegii
798 3775 880 3836 D.
911 3770 1093 3836 Petri.

272 3856 618 3921 Gulielmus
643 3860 826 3942 Gray,
871 3854 1181 3942 episcopus
1217 3856 1503 3940 ElyenliS,
1551 3852 1776 3922 multos
1818 3856 2004 3922 libros
2033 3856 2231 3922 eidem

180 3944 568 4009 bibliothecae
596 3946 777 4009 dono
790 3945 979 4012 dedit.
1052 3947 1306 4011 Leland.
1381 3946 1537 4010 Vide
1577 3968 1728 4009 num
1756 3945 1855 4009 hic
1888 3945 1954 4007 (it
1985 3945 2225 4019 Graius.

180 4032 261 4096 de
285 4053 415 4119 quo
441 4033 670 4100 Lucius
699 4035 898 4098 Carbo
926 4033 1305 4099 Ferrarienfis
1341 4031 1718 4099 mentionem
1736 4033 1914 4099 facit
1898 4055 1966 4097 m
1992 4033 2233 4101 funebri

179 4124 452 4187 oratione
475 4142 590 4205 pro
615 4117 909 4188 euxino.
2263 4193 2268 4202 ,

267 4212 391 4273 Mr.
414 4212 678 4290 Joannes
707 4209 1116 4284 Warkworth‚
1161 4207 1370 4295 praeses
1399 4208 1637 4297 collegii
1678 4213 1739 4276 S.
1770 4211 1948 4285 Petri,
1997 4207 2222 4273 multos

179 4292 370 4363 libros
394 4298 598 4366 eidem
621 4295 1006 4365 bibliotheca
1035 4297 1221 4364 dedit.

1855 4379 2226 4468 Sophismata
