2850 4850
649 179 744 244 De
784 177 1348 284 Rebus-Anglicaair
1389 177 1664 284 opuscula
1703 177 1907 245 Varia.

266 374 276 380 ,
326 309 476 372 Una
504 309 707 394 imago
724 331 907 375 aurea
928 313 1105 376 unius
1134 312 1285 395 regis
1309 334 1452 378 cum
1482 314 1662 379 hales,
1694 314 1757 376 iu
1789 314 2052 396 pediore,
2083 315 2140 376 δι
2170 314 2298 379 aliis

184 459 203 474 ‚
221 389 548 480 lapidibus
576 397 824 482 minutis
853 401 1132 483 ponderis
1161 402 1375 485 quinq3
1402 423 1585 466 marc.
1617 403 1742 478 duo
1768 401 1932 467 solid.
1959 401 2061 467 sex
2083 404 2292 468 denar.

218 486 420 568 pretij
450 487 838 572 quadragint.
870 489 929 550 8c
960 487 1100 562 οξὶο
1128 487 1268 551 libr.
1471 557 1486 570 „
1673 534 1678 544 .

328 575 483 635 Una
510 576 711 659 imago
741 577 920 640 unius
941 576 1096 659 regis
1124 576 1376 640 tenentis
1403 576 1465 639 in
1487 597 1667 640 manu
1691 576 1899 641 dextra
1919 575 2124 642 florem
2153 596 2297 641 cum

219 653 465 740 saphir.
493 658 965 745 smaragdinibus
983 663 1041 725 in
1059 664 1268 726 medio
1286 684 1544 740 coronae,
1576 668 1635 728 Sc
1652 685 1862 747 magna
1881 683 2124 748 granata
2152 667 2211 727 in
2231 666 2293 728 &
2353 737 2364 742 ¹

216 746 527 848 pectora
560 751 738 834 perlis
767 750 826 813 &
854 751 981 814 aliis
1011 752 1255 830 minutis
1280 751 1580 834 lapidibus
1609 767 1727 813 tam
1756 757 1818 814 in
1853 773 2071 815 corona
2098 741 2294 836 quani

217 852 289 896 in
325 856 590 919 corpore
636 837 909 920 ponderis
948 841 1162 922 quinq;
1196 860 1373 918 marc.
1411 839 1625 923 quinqss
1661 833 1827 940 solid.
1860 843 1919 906 8c
1945 842 2149 904 decem
2179 840 2290 904 de«
2375 877 2382 885 ·

213 940 365 985 nar.
403 925 1030 1010 pretij.quinquagint.
1062 926 1191 989 duo
1218 925 1350 988 libr.
1414 987 1420 994 ,
1521 997 1530 1004 ἑ

174 1065 185 1078 .
322 1014 477 1073 Una
504 1013 704 1095 imago
734 1017 888 1098 regis
916 1020 1092 1075 aurea
1122 1034 1261 1076 cum
1290 1009 1537 1096 saphiris
1564 1014 1623 1075 in
1649 1013 1897 1096 pectore,
1946 1014 2003 1075 &
2030 1011 2290 1098 smaragffi

216 1096 491 1163 dinibus
520 1101 577 1161 ἃ
608 1098 790 1164 hales,
834 1102 898 1164 in
929 1102 1408 1182 mediofflcorouae,
1454 1102 1514 1164 sc
1557 1098 1774 1184 saphir.
1829 1103 1888 1163 δε
1915 1103 2172 1184 gai-natis
2218 1102 2282 1165 in

219 1203 472 1249 corona
516 1186 573 1249 &
603 1190 757 1250 circa
804 1210 1023 1271 corpus
1053 1188 1337 1272 ponderis
1376 1190 1591 1272 quinq3
1631 1210 1816 1252 marc..
1865 1209 2071 1251 novem
2114 1185 2284 1254 solid.

216 1271 284 1335 δε
338 1273 490 1338 ocio
534 1272 737 1342 denar.
776 1278 946 1361 pretij
991 1278 1415 1361 quinquagint.
1451 1297 1662 1339 novem
1692 1277 1832 1348 libr.
1884 1274 1985 1339 sex
2017 1272 2185 1342 solid.
2222 1279 2282 1342 8<

215 1358 379 1424 ofto
414 1362 619 1428 denar.
2001 1399 2014 1411 ·

316 1451 565 1535 Qinq;
597 1449 792 1535 augeli
820 1454 981 1520 aurei
1005 1451 1280 1536 ponderis
1313 1453 1495 1516 trium
1540 1470 1785 1528 marcar.
1815 1445 2080 1536 quatuor
2107 1448 2281 1516 solid.

219 1538 414 1618 pretij
458 1537 685 1623 trigint.
717 1539 853 1603 libr.

320 1625 469 1686 Una
500 1625 697 1711 imago
734 1627 922 1690 beatae
950 1628 1157 1690 Mariae
1187 1649 1325 1692 cum
1368 1625 1494 1691 filio
1522 1640 1798 1690 coronata
1828 1647 1933 1711 per
1960 1627 2282 1693 circuitum

220 1722 361 1773 tam
397 1711 460 1773 in
487 1716 743 1788 coronis,
789 1735 979 1797 quam
1007 1718 1067 1777 in
1096 1715 1221 1796 alijs
1251 1716 1527 1779 membris
1548 1734 1686 1778 cum
1713 1715 1984 1789 rubetti3‚
2025 1711 2280 1798 smarag-

219 1797 501 1876 dinibus,
528 1798 787 1886 saphiriS,
809 1808 866 1862 &
897 1803 1191 1885 garnatis:
1222 1805 1501 1886 ponderis
1521 1799 1741 1885 septem
1767 1822 1950 1865 marc.
1973 1800 2278 1865 sexdecem

223 1885 446 1951 denar.
475 1889 647 1971 pretij
680 1890 902 1953 ducent
930 1890 1064 1952 libr.
1713 1909 1717 1916 ·

324 1976 470 2036 Una
512 1976 712 2060 imago
753 1974 935 2040 unius
979 1978 1136 2062 regis
1181 1995 1360 2040 aurea
1404 1978 1652 2040 tenentis
1680 1972 1965 2038 feretrum
2004 1975 2066 2039 in
2096 1995 2275 2039 manu

224 2058 353 2123 sua·
392 2082 500 2144 per
526 2065 848 2128 circuitum
876 2063 1058 2132 baleS.
1088 2062 1333 2148 saphiris
1364 2065 1648 2147 pulchriS,
1693 2063 1751 2126 &
1786 2063 1846 2125 in
1890 2083 2108 2127 corona
2134 2083 2277 2128 cum

222 2147 498 2212 rubettis
533 2149 591 2213 δε
628 2148 824 2216 esmal.
882 2151 1153 2233 ponderis
1182 2154 1399 2236 quinq3
1453 2172 1613 2216 marc
1659 2152 1878 2234 quinq3
1931 2148 2098 2214 solid.
2151 2150 2278 2213 duo

224 2235 444 2302 denar.
480 2239 647 2320 pretij
680 2243 816 2302 cent
844 2240 904 2303 8c
942 2241 1126 2305 trium
1152 2240 1288 2305 libr.
1379 2244 1551 2315 Item,

316 2328 537 2409 Imago
563 2327 739 2389 unius
779 2326 933 2410 regis
965 2330 1212 2392 tenentis
1241 2328 1488 2392 chamah
1520 2346 1656 2389 cum
1688 2323 1925 2392 duobus
1970 2324 2273 2406 capitibus

225 2411 294 2477 in
339 2433 467 2476 una
512 2434 719 2490 manu,
765 2414 825 2478 in
871 2414 985 2477 alia
1021 2413 1314 2499 sceptrum
1343 2436 1483 2478 cum
1510 2416 1686 2478 bales.
1724 2411 1965 2498 prasinis
2006 2413 2064 2476 &
2097 2415 2272 2496 perlis

216 2520 340 2584 -per
382 2501 704 2565 circuitum
732 2503 1012 2586 ponderis
1055 2501 1273 2589 septem
1302 2523 1487 2568 marc.
1533 2505 1732 2566 decem
1762 2499 1931 2565 solid.
1970 2501 2026 2565 &
2065 2501 2273 2568 decem

220 2588 439 2653 denar.
472 2589 640 2671 pretij
672 2604 911 2654 centum
939 2591 1075 2656 libr.

313 2678 454 2737 Una
497 2676 702 2760 imago
752 2677 952 2741 Sanfti
981 2679 1136 2743 Petri
1166 2680 1423 2743 tenentis·
1463 2679 1525 2741 in
1564 2697 1690 2767 pua
1735 2696 1915 2740 manu
1945 2675 2268 2754 ecclesiam,

160 2794 167 2801 -
222 2762 293 2827 in
336 2763 453 2825 alia
493 2762 709 2843 claveS,
754 2767 814 2830 8τ
855 2765 1133 2831 calcantis
1181 2770 1482 2831 Neronem
1529 2786 1673 2829 cum
1710 2763 1946 2847 saphiro
1979 2765 2174 2847 groffo
2209 2768 2271 2828 in

220 2850 493 2935 pestore,
540 2853 600 2914 &
640 2852 704 2916 in
731 2854 984 2918 circuitu
1014 2873 1152 2917 cum
1185 2852 1431 2937 prasinis
1459 2853 1632 2936 perlis
1660 2853 1717 2914 &
1744 2850 1960 2937 saphir.
1996 2852 2273 2935 ponderis

125 2965 130 2970 ·
221 2954 441 3002 novem
470 2958 649 3005 marc.
677 2939 735 3003 ὅτ
757 2956 1015 3023 quatuor
1041 2939 1209 3005 solid.
1236 2942 1404 3024 pretij
1436 2955 1592 3004 cent.
1627 2939 1766 3004 libr.

315 3029 456 3088 Una
483 3025 750 3107 majestas
778 3047 953 3092 aurea
991 3029 1051 3091 in
1081 3027 1250 3111 capsa
1290 3028 1488 3113 lignea
1514 3047 1654 3091 cum
1692 3025 2086 3109 pulcherrima
2114 3023 2263 3090 sma-

217 3115 477 3198 ragdine
495 3116 555 3176 in
579 3115 816 3197 pediore
843 3136 949 3198 per
970 3117 1306 3192 circuitum,
1337 3135 1480 3178 cum
1502 3112 1966 3197 smaragdinibus
1996 3115 2056 3176 8c
2083 3116 2262 3198 perlis

208 3203 287 3263 ‘in
314 3221 564 3278 corona,
587 3221 724 3269 cum
746 3204 997 3266 chamah
1029 3202 1276 3287 prasinis
1305 3205 1363 3266 δι
1386 3202 1603 3284 saphir.
1635 3221 1739 3284 per
1759 3200 2078 3264 circuitum
2112 3223 2263 3286 pon·

217 3278 382 3351 deris
427 3288 630 3353 decem
677 3311 857 3355 marc.
904 3287 1127 3374 septem
1171 3289 1343 3356 solid.
1391 3287 1491 3352 sex
1539 3290 1744 3353 denar.
1793 3290 1964 3373 pretij
2014 3291 2257 3355 ducent.

177 3402 184 3413 ⁴
214 3375 362 3440 libr.
2031 3402 2034 3407 ·

308 3470 550 3527 Aurum
591 3463 651 3525 in
691 3464 821 3528 licis
868 3486 1007 3529 cum
1045 3465 1319 3541 chamari,
1378 3466 1655 3548 ponderis
1704 3463 1847 3527 osto
1886 3484 2070 3526 marc.
2118 3463 2262 3527 0610

216 3546 397 3614 solid.
447 3554 504 3613 &
534 3567 798 3634 quatuor
827 3554 1030 3617 denar.
1074 3556 1246 3638 pretij
1276 3574 1515 3616 centum
1546 3555 1602 3614 Sc
1632 3553 1964 3614 duodecem
1993 3551 2126 3615 libr.

310 3641 488 3700 Unus
514 3638 778 3721 saphirus
803 3641 1256 3724 pulcherrima,
1290 3642 1569 3725 ponderis
1593 3641 1973 3725 quadragint.
1998 3639 2125 3703 duo
2153 3639 2254 3703 de·

217 3744 347 3790 nar.
372 3729 541 3808 pretij
575 3743 730 3792 cent.
763 3749 943 3792 marc.

301 3817 459 3881 Item
487 3816 616 3896 alijs
640 3811 886 3897 saphiris
917 3817 1083 3900 pretij
1116 3815 1319 3880 decem
1350 3837 1533 3880 marc.

299 3900 457 3964 Item
488 3922 643 3963 unus
670 3902 939 3986 saphirus
972 3905 1142 3987 pretij
1176 3907 1390 3988 quinq3
1412 3925 1605 3969 marc.

303 3992 461 4051 Item
492 3985 590 4051 sex
620 3986 883 4072 saphirus
912 3995 1082 4073 pretij
1113 3994 1315 4055 decem
1344 3992 1482 4056 libr.
1573 4068 1578 4072 ,
1956 4038 1967 4049 =

300 4080 455 4140 Item
484 4076 627 4139 ofto
654 4079 906 4140 chamah
936 4079 996 4140 in
1028 4079 1214 4161 capsis
1243 4082 1437 4143 aureis
1473 4101 1618 4142 cum
1644 4076 2105 4161 smaragdinibus
2152 4098 2257 4142 ‘xre

211 4164 553 4239 circuitum,
599 4166 878 4252 ponderis
922 4183 1182 4253 quatuor
1225 4165 1399 4233 sol-id.
1442 4165 1546 4231 sex
1575 4167 1778 4232 denar.
1845 4171 2015 4252 pretij
2069 4165 2259 4250 vigint

212 4252 348 4320 libr.
1297 4288 1301 4299 ,

452 4359 582 4407 ou.
612 4344 724 4410 ΠΙ.
1342 4347 1392 4408 Ζ
2141 4343 2266 4411 Un.
