2850 4850
307 109 448 222 520

271 311 386 383 rag.
414 318 525 375 89.

896 117 2260 232 JoANN1sLELAND1

747 287 801 348 Ε
820 286 1059 371 quodam
1085 286 1344 370 registra,
1370 283 1516 368 five
1541 286 1726 351 indice
1751 288 2087 354 bibliothecae
2104 292 2419 416 Cantudri‘
2460 254 2469 261 —

639 374 971 437 Traftatus
993 372 1279 452 Gilberti,
1325 371 1585 458 episcopi
1616 374 1898 441 London:
1940 375 2117 461 super
2146 378 2327 456 istud,
2448 386 2601 451 Sunt

553 461 693 527 duae
720 461 956 527 olivae-J’

639 554 753 615 Ivo
779 552 1100 613 carnoten.
1132 540 1207 615 de
1234 550 1482 614 veritate
1511 547 2015 617 sacramentorum
2027 545 2251 617 Christi
2273 556 2334 617 δε
2356 556 2550 622 eccles:

454 658 508 733 q
640 636 958 702 Albericus
989 638 1066 700 de
1087 652 1382 721 computo
1411 638 1589 704 luuae.

494 1626 538 1667 t
635 1601 822 1667 Liber
847 1625 1055 1689 regum
1086 1604 1401 1670 Baldwini.

639 723 907 790 Libellus
934 725 1111 789 Bedae
1141 726 1217 789 de
1245 726 1689 790 Arithmetrica.

639 811 972 877 Balduinus
994 816 1283 877 Cantuar·
1315 812 1389 876 de
1411 811 1577 878 seffls
1607 812 1872 880 haeretic·

638 901 1001 965 Benedictus
1045 899 1374 965 monachus
1425 902 1504 964 de
1545 917 1857 987 computo.
1947 900 2231 986 Ejusdem
2258 903 2498 971 libellus
2524 907 2602 972 de

550 1003 876 1073 augmento
906 990 967 1050 8c
999 988 1353 1053 detrimento
1381 989 1565 1072 lunae.

639 1080 733 1140 M.
782 1079 861 1139 R.
894 1076 1081 1140 Pluto
1125 1075 1383 1141 versifice
1412 1077 1489 1141 de
1532 1075 1771 1143 summo
1797 1077 1984 1143 bono.
2074 1080 2260 1145 Liber
2308 1078 2599 1161 ejusdcm,

535 1164 731 1261 *Unde
757 1165 1007 1232 malum.

636 1250 806 1316 Idem
833 1252 909 1315 de
935 1251 1224 1337 gradibus
1253 1253 1570 1317 virtutum.

634 1338 807 1405 Idem
837 1340 914 1403 de
942 1341 1290 1424 virginitate.

633 1426 809 1491 Idem
832 1428 909 1492 de
936 1428 1099 1493 bono
1120 1429 1359 1493 mortiS.

634 1514 808 1579 Idem
837 1515 1067 1580 deloco
1084 1518 1143 1579 8c
1173 1532 1462 1601 tempore.

639 1690 1035 1774 Epitaphium
1067 1694 1130 1757 S.
1160 1689 1445 1756 Anselmi.

636 1779 939 1844 Martinus
967 1780 1043 1843 de
1070 1800 1134 1858 4.
1158 1782 1504 1874 virtutibuS.

638 1863 919 1950 Epistolae
947 1868 1308 1949 Symmachi.

632 1952 902 2037 Epistola
929 1955 1206 2020 Gualteri
1235 1956 1312 2019 de
1345 1954 1700 2018 Mauritania
1727 1954 1803 2019 ad
1835 1956 2174 2040 Hugonem.

636 2042 889 2105 Omeliae
911 2044 1156 2108 Hucarii
1189 2045 1458 2108 Levitae'
1444 2064 1503 2106 ln
1533 2042 1746 2107 diebus
1771 2046 2103 2107 Dominicis
2128 2044 2188 2108 δε
2213 2046 2550 2129 praecipuis.

636 2128 906 2195 Historia
931 2133 1262 2217 Anglicana
1290 2148 1480 2196 πως.
1526 2132 1692 2216 apud
1722 2132 2115 2197 Talebotum.

639 2219 940 2283 Sententia
964 2220 1184 2302 probi]
1168 2221 1401 2285 udicis.

634 2303 906 2388 Epistola
932 2306 1212 2372 Eucherii
1231 2305 1488 2391 episcopi
1519 2306 1597 2372 de
1626 2304 1741 2369 fitu
1765 2307 1996 2386 Judeae.

626 2394 940 2460 Chronica
970 2395 1212 2476 Jordani
1233 2392 1490 2481 episcopi
1509 2397 1905 2460 Ravennaten.
1938 2396 2015 2461 de
2038 2396 2217 2463 rebus
2245 2395 2422 2482 gestis
2440 2399 2601 2462 Got-

551 2480 823 2548 thorum.

633 2572 1011 2636 Itinerarium
1047 2572 1356 2638 Antonini.

635 2659 1058 2743 Expositiones
1080 2659 1351 2725 Oodonis
1373 2657 1547 2744 super
1572 2675 1694 2725 vet:
1721 2658 1947 2725 testam:

635 2749 956 2812 Suetonius
981 2758 1063 2811 1⁸.
1096 2748 1171 2812 de
1200 2745 1421 2834 gestis
1406 2768 1619 2832 imper·

634 2836 960 2900 Suetonius
988 2827 1301 2903 secundus.

631 2923 932 2987 Chronica
960 2921 1198 2988 Eusebii
1229 2923 1576 2987 SalamoniS.

616 3011 933 3076 'Chronica
959 3011 1245 3089 Gervafii,
1290 3012 1571 3074 monach·
1618 3014 1902 3076 Cantuarz

631 3098 895 3163 Historia
923 3101 1259 3175 Hibernica,
1306 3116 1515 3167 autore
1545 3098 1823 3164 Giraldo.

631 3186 710 3250 H·
765 3189 890 3251 oria
919 3189 1228 3272 Radulphi
1257 3188 1333 3251 de
1361 3186 1600 3252 Diceto.

633 3275 672 3336 S
708 3278 946 3339 rmones
969 3275 1216 3352 Elmeri,
1264 3273 1485 3339 Prioris
1503 3277 1790 3339 Cantuar:

405 3402 428 3435 ι
467 3402 538 3445 ι».1
635 3356 978 3446 Triphonia
1005 3363 1282 3427 ecclefiae.
1359 3432 1366 3441 ι

630 3449 860 3514 Musica
890 3451 1236 3514 salamonis.

502 3558 506 3566 ’
615 3539 803 3690 ioan:
826 3535 1223 3606 Damascenus
1247 3534 1325 3601 ad
1357 3538 1563 3620 Tegni
1586 3536 1835 3601 Galeui.

681 3623 965 3710 phorismi
997 3629 1172 3705 Joan·
1207 3621 1574 3690 Damasceni.

624 3712 837 3799 Isagog
838 3735 872 3777 e
902 3717 1076 3792 Joan:
1104 3710 1476 3779 Damasceni.

621 3800 961 3867 Alexander
986 3800 1259 3887 Sophista
1288 3801 1366 3864 de
1386 3799 1681 3864 medicina
1709 3798 1986 3864 omnium
2016 3798 2433 3863 membrorum
2454 3818 2586 3863 cor·

541 3890 700 3975 poris
732 3889 1004 3956 humani.

622 3981 724 4024 a*
746 3977 1018 4041 Genetiae
1039 3934 1369 4061 Cleopatrae
1391 3974 1469 4037 ad
1495 3974 1910 4041 Theodatam.

495 4122 510 4137 ,
603 4065 803 4139 Liber
838 4063 1163 4129 Aristarchi
1191 4066 1249 4129 &
1279 4063 1433 4144 Justi
1464 4064 1697 4127 medic:
1714 4064 1971 4127 tractans
2001 4061 2079 4127 de
2099 4061 2454 4150 virginibuS.

241 4151 284 4185 ”
397 4157 499 4226 fi·
616 4150 804 4217 Liber
823 4153 1077 4219 Almedi
1106 4155 1182 4221 de
1212 4152 1611 4217 custodiendis
1639 4153 2040 4236 accipitribus.

1247 4275 1276 4306 a
1312 4255 1408 4319 Sic,
1441 4271 1538 4305 cum
1557 4252 1776 4321 asterifio.

699 4344 735 4405 7
869 4346 878 4354 ·
1428 4392 1437 4399 .
1769 4413 1772 4416 ⁴
2399 4313 2592 4399 mm
