2850 4850
426 191 1106 305 nnssrQuARu
1174 190 2007 265 coLLEcTANEA.
2129 194 2138 207 ’
2411 190 2500 287 §.²

248 324 527 421 Isagoge
553 329 856 417 Porphirii
880 327 1200 393 Vifiorino
1225 327 1376 393 inter
1420 344 1563 394 rete.

256 422 526 506 Waleys
551 419 728 504 super
754 419 1027 502 quinque
1047 416 1234 482 libros
1256 421 1366 480 Mo
1389 439 1473 482 es,
1975 494 1984 501 .

254 511 579 586 Nedum,
616 509 816 594 qualis
859 507 975 571 effe
1010 505 1231 570 debeat
1257 508 1385 568 vita
1413 507 1873 585 monachorum,
1917 511 2245 591 carmine]

114 628 121 643 ⁶
150 599 363 681 Quid
373 598 576 662 deceat
602 594 954 660 monachum.
1046 593 1341 677 Leyland.
1388 598 1542 677 Legi
1569 611 1769 660 tamen
1791 599 1952 665 hunc
1975 600 2252 662 libellum

148 709 324 751 cum
365 687 550 750 titulo
577 680 866 749 Anselmi.
915 683 1032 744 Sed
1059 680 1436 751 verisnnilius
1461 681 1572 759 est,
1619 686 1922 751 Necchatu
1950 683 2246 771 scripfiffe.

149 772 339 839 Erat
373 775 534 839 enim
559 771 794 836 dostior
816 767 1095 836 Anselmo
1115 772 1394 833 carmine.

255 868 545 946 Joannes
557 856 977 925 Cornubienfis
1000 858 1074 921 de
1095 861 1315 921 virtute
1335 860 1532 925 crucis
1557 860 1619 923 in
1638 857 1999 925 sacramento
2019 863 2243 927 altaris.

1039 961 1398 1045 Peterburg.

260 1065 615 1149 Peterborg
663 1077 835 1126 antea
903 1062 1212 1126 dicebatur
1259 1062 1765 1128 Medehamstede.
1856 1067 1977 1129 Hic
2030 1067 2247 1142 Peada,

156 1151 534 1229 WulferuS,
577 1153 637 1216 &
679 1149 1101 1224 Etheldredus‚
1170 1148 1402 1225 fratres»,
1451 1150 2009 1217 consummaverunt
2045 1155 2250 1219 nobile

160 1241 623 1308 monasterium
648 1241 711 1302 in
742 1240 1032 1301 honorem
1066 1240 1132 1300 S.
1164 1239 1349 1315 Petri,
1397 1238 1596 1322 postea
1625 1240 1661 1303 a
1704 1243 1892 1305 Danis
1921 1240 2249 1319 incenfnm,

161 1334 230 1395 &
287 1329 546 1394 tandem
593 1328 670 1391 ab
718 1329 961 1410 Edgaro
1010 1347 1152 1410 rege
1184 1325 1318 1407 post
1361 1344 1602 1391 centum
1633 1324 1756 1393 fere
1783 1350 1970 1391 annos
2018 1349 2247 1413 repara·

164 1436 348 1483 tum.
449 1415 784 1483 ostendunt
826 1415 1108 1491 monachi
1134 1412 1400 1481 Oswaldi
1431 1417 1767 1496 brachium,
1813 1440 1943 1482 rem
1978 1413 2111 1483 sane
2140 1418 2246 1481 ad-

165 1505 565 1573 mirabilem.
1774 1548 1781 1555 ·

267 1599 488 1658 Neena
521 1593 631 1658 flue
660 1592 857 1656 oritur
883 1599 978 1666 4⁰.
1009 1586 1188 1674 supra
1214 1591 1668 1676 Northampton
1698 1591 1950 1657 miliario
1977 1595 2039 1661 in
2075 1614 2244 1678 agro,

172 1686 292 1766 qui
324 1698 583 1748 vocatur
612 1685 1001 1749 Neeuemere.
1103 1682 1247 1746 Haec
1275 1694 1484 1747 autem
1510 1682 1736 1771 oppida
1775 1681 1978 1745 alluit:
2026 1684 2248 1746 North·

170 1786 472 1854 ampton,
517 1768 824 1844 Owndele,
873 1766 1270 1853 Peterburgh,
1324 1788 1514 1852 prope
1542 1767 1707 1852 quod
1733 1768 2023 1834 dividitur
2052 1771 2112 1832 in
2139 1772 2250 1838 tria

176 1858 465 1935 brachia,
499 1878 762 1943 quorum
798 1876 991 1918 unum
1009 1857 1406 1931 Thorneiam,
1440 1855 1607 1918 aliud
1629 1854 1969 1932 Wilbeche,
2003 1866 2105 1940 3¹¹².
2128 1861 2248 1920 Ra·

174 1944 443 2010 mefiam
475 1947 642 2030 petit.
734 1942 969 2005 Deinde
1000 1944 1248 2027 paludes
1275 1944 1334 2006 &
1355 1943 1559 2026 stagna
1579 1944 1699 2007 lata
1727 1942 1968 2021 faciens,
1998 1944 2248 2013 reditad

176 2034 460 2112 alveum,
504 2034 563 2097 δι
589 2052 776 2118 prope
794 2030 1070 2095 Lindum
1095 2032 1157 2094 in
1186 2052 1348 2097 mare
1375 2030 1734 2098 devolvitur.

981 2135 1055 2199 In
1092 2134 1465 2200 Bibliotheca.

275 2222 586 2288 Girardus
615 2221 1048 2287 Cameracenfis
1076 2219 1249 2307 super
1276 2223 1653 2289 Psalterium.

279 2313 481 2376 Paffio
498 2309 1146 2388 SanftorumWolfadi,
1162 2312 1219 2374 &
1230 2311 1467 2389 Rufini,
1478 2311 1746 2376 filiorum
1757 2310 2051 2398 regisWol
2056 2311 2247 2398 pheri.

132 2394 143 2401 ’
287 2400 680 2487 Tropologia
696 2396 871 2483 super
894 2397 1218 2464 duodecim
1246 2401 1591 2483 prophetem,
1637 2401 1885 2466 collecta
1912 2404 2070 2467 inter
2099 2424 2247 2487 prae·
2289 2441 2296 2448 ·

194 2485 490 2552 {efflones
519 2485 781 2573 magistri
810 2487 1096 2571 Stephani
1125 2490 1441 2571 Langeton
1463 2509 1568 2572 per
1587 2489 1664 2553 R.
1697 2490 1773 2554 de
1792 2491 2123 2557 Lincolnia.

282 2577 579 2641 Rabanus
608 2575 674 2639 in
700 2575 887 2639 libros
925 2575 1393 2639 Machabeorum
1421 2575 1498 2639 ad
1528 2576 1909 2664 Ludovicum
1929 2599 2161 2666 regems

295 2664 574 2729 Libellus
602 2662 1120 2729 ecclefiasticorum
1146 2663 1504 2750 dogmatum
1532 2665 1858 2730 Gennadii.

743 2771 792 2819 D

287 2835 599 2904 Robertus
627 2838 707 2904 de
737 2837 1098 2913 Tumbeleia
1125 2837 1301 2928 super
1329 2837 1640 2924 Cantica]
1702 2845 1776 2906 Os
1787 2841 1980 2928 sponst
2001 2840 2253 2929 inspira]

203 2928 286 2991 tio
314 2928 546 3011 Christi.

293 3103 635 3170 solutiones
649 3104 965 3188 Ernulphi,
1004 3101 1256 3190 episcopi
1275 3104 1569 3179 Rofenfi3‚
1587 3104 1662 3168 ad
1689 3101 1976 3188 quasdam
1993 3103 2249 3190 questio·
2272 3134 2440 3186 Ganuz
2462 3144 2578 3187 em,

196 3208 311 3257 ‘nes
323 3194 661 3268 Lamberti,
676 3195 909 3257 abbatis
922 3194 1335 3273 &Remini-'JV
1326 3194 1604 3259 enerabili
1614 3216 1686 3258 ac
1686 3196 1911 3278 gremio
1923 3194 2260 3262 charitatis.

292 3282 460 3346 Beda
488 3278 664 3365 super
692 3282 1186 3346 Pentateuchum.

292 3370 463 3433 Beda
488 3364 664 3453 super
692 3372 1137 3456 Apocalypfim.

291 3458 473 3521 Bedae
491 3460 554 3521 in
586 3460 927 3522 Samuelem
956 3459 1274 3543 allegorica
1296 3456 1616 3542 expositio,

293 3544 437 3608 Vita
466 3549 530 3610 S.
564 3543 865 3610 Eustachii
892 3550 1156 3610 carmine
1188 3549 1452 3611 heroico.

298 3634 482 3698 Liber
507 3632 897 3714 epistolarum
924 3635 1215 3700 Gulielmi
1243 3636 1318 3699 de
1350 3633 1835 3721 SemprIngham.
2266 3656 2365 3721 ἢ

293 3720 433 3783 vita
463 3720 694 3785 Gisseni
720 3721 975 3805 episcopi
993 3727 1211 3787 Graeci.

299 3806 439 3870 Vita
462 3809 671 3872 Felicis
693 3811 959 3895 eleganti.
976 3812 1236 3881 carmine
1263 3809 1499 3895 scripta.
2269 3827 2368 3893 ᾗ

295 3896 502 3960 Frecul
508 3896 613 3983 phi
643 3898 911 3970 Historia.
1048 3911 1053 3918 '
1320 3929 1325 3936 ·

733 4006 953 4080 But-ne,
1000 4004 1304 4068 coenobium
1331 4005 1750 4072 canonicorum.
2120 4021 2126 4029 ·
2267 4014 2383 4083 Pag.
2405 4029 2486 4086 ²9.-

301 4090 495 4152 Burne
518 4108 737 4152 nomen
762 4090 920 4173 capit
943 4090 975 4153 ἐι
998 4093 1184 4158 fluvio
1210 4089 1470 4175 ejusdem
1495 4089 1760 4162 nominis,
1783 4085 2252 4172 praeterlabente.

228 4171 418 4243 Oritur
468 4193 675 4241 autem
712 4180 809 4243 hic
851 4180 1068 4252 fluvius
1111 4202 1233 4246 non
1286 4180 1499 4264 procul
1543 4180 1619 4244 ab
1649 4200 1751 4263 op:
1799 4182 1856 4242 Sc
1887 4174 2118 4252 fontem
2147 4176 2254 4239 ha·
2463 4243 2472 4250 ,

233 4255 318 4327 bet
342 4265 488 4368 mire
506 4279 855 4364 torrentem,
902 4267 1237 4368 defluitque
1281 4290 1386 4354 per
1419 4267 1814 4367 Pinchebpkc,
1863 4265 2091 4417 deind}1
2111 4268 2262 4416 {mv
2303 4293 2330 4350 j
2461 4267 2470 4294 ''

2091 4376 2123 4418 e
2156 4371 2260 4416 um
