2850 4850
311 195 445 325 {fi
781 230 2253 319 ‘JoANntsLELANnt

628 370 978 438 Athenaeus.
1024 373 1252 437 Vinum
1278 384 1441 436 caret
1468 371 1659 436 clavo.

634 463 888 525 Terent.
935 459 1169 525 Aureos
1202 457 1468 542 polliceri
1495 474 1750 524 montes.

635 544 1002 631 Phocylidet.
1046 548 1154 613 Lis
1180 546 1352 612 litem
1378 542 1538 610 serit.

633 635 876 701 Terent.
920 631 1068 700 Dies
1094 631 1309 699 adimit
1333 630 1773 722 egritudinem.

929 717 1086 785 Usus
1115 717 1201 786 est
1228 720 1413 785 altera
1442 736 1673 786 natura.

849 859 856 868 .
924 806 1121 875 Hostis
1149 806 1528 875 domesticus.

631 897 949 965 Lucienus.
997 896 1254 962 fumum
1278 894 1518 982 fugiens
1545 893 1612 961 in
1639 896 1839 984 ignem
1867 885 2076 964 incidi.

628 984 796 1053 Tull.
842 982 881 1066 J
884 981 1111 1050 ucundi
1138 983 1253 1048 aeli
1281 984 1536 1049 labores.

630 1069 893 1162 Qintil.
939 1067 1308 1140 Conscientia
1337 1071 1500 1136 mille
1526 1067 1725 1136 testes.

629 1160 801 1225 Tull.
851 1160 1111 1224 Manum
1136 1157 1212 1222 de
1240 1158 1468 1225 tabula.

630 1245 844 1312 Horat.
890 1247 1123 1310 Cautus
1142 1244 1307 1313 euim
1324 1244 1561 1313 metuit.

630 1333 880 1402 Persius.
933 1335 1174 1398 Tecum
1201 1333 1431 1406 habita.

597 1431 605 1448 '
632 1423 887 1487 Terent.
934 1422 1033 1486 Ne
1057 1417 1212 1504 quid
1239 1420 1436 1485 nimie.

508 1574 514 1578 ,
563 1535 578 1546 1
631 1507 1022 1574 Theocritus.
1069 1509 1283 1592 Neque
1309 1507 1606 1592 peffimus,
1649 1527 1843 1592 neque
1870 1507 2123 1599 primus.

632 1598 959 1663 Lucianus.
1004 1596 1099 1659 Ne
1126 1592 1302 1678 supra
1332 1595 1561 1679 pedum
1585 1591 1853 1662 alceus·

629 1683 886 1749 Persius·
934 1681 1116 1746 Messe
1138 1693 1306 1746 tenus
1337 1682 1578 1766 propria
1612 1683 1768 1746 vive.

629 1773 896 1837 Plutare.
941 1770 1138 1834 Arcus
1167 1766 1362 1834 tensus
1387 1768 1719 1856 rumpitur·

630 1858 828 1924 Plato.
874 1857 976 1920 Ad
1002 1856 1240 1941 pedem.

874 1942 1189 2020 Neeeffitas
1214 1941 1512 2030 magistra.

628 2031 862 2100 Livius.
907 2034 1126 2117 Ingens
1158 2032 1343 2095 telum
1371 2030 1691 2097 necessitas.

904 2117 1117 2183 Virtus
1147 2118 1401 2203 gloriam
1428 2118 1603 2208 parit·

630 2206 896 2271 Tullius.
942 2206 1134 2271 Domi
1163 2206 1408 2272 nobilis.

517 2369 522 2376 ,
629 2293 878 2358 Persius.
924 2298 1095 2359 Intus
1120 2294 1178 2358 &
1204 2294 1269 2359 in
1293 2309 1459 2359 cute.

632 2384 952 2448 HomeruS.
997 2386 1186 2446 Grata
1212 2382 1465 2449 novitas.

625 2470 759 2532 Val:
789 2472 959 2532 Max:
1002 2472 1096 2533 Ne
1123 2472 1419 2535 malorum
1446 2468 1810 2537 memineris·

587 2599 603 2607 -
628 2556 995 2627 zenodotus.
1042 2561 1176 2621 Lex
1202 2558 1261 2621 δι
1287 2559 1475 2641 regio.

1048 2649 1266 2728 Carpet
1293 2644 1469 2710 citius
1498 2643 1712 2729 aliquis
1733 2665 1924 2730 quam
1954 2640 2311 2713 imitabitur.

628 2736 878 2796 Homer.
927 2730 1227 2795 Tollenda
1256 2731 1395 2796 mali
1421 2731 1671 2797 occasio.

536 2854 547 2867 ·
631 2825 868 2883 Seneca.
914 2822 1095 2883 Nunc
1124 2818 1549 2885 tuum'ferrum
1569 2818 1630 2884 in
1648 2819 1787 2906 igne
1811 2817 1917 2884 est.

917 2910 1059 2970 Non
1083 2904 1317 2991 semper
1340 2908 1458 2971 'erit
1479 2907 1666 2973 aestas.
1793 2959 1801 2967 .

630 2994 803 3056 Tull.
847 2993 1096 3058 Oderint
1122 2993 1269 3058 dum
1289 2994 1585 3060 metuant.

627 3083 889 3146 Plutarc.
937 3081 1075 3147 Urit
1092 3080 1310 3167 absque
1338 3098 1518 3148 torre.
1536 3128 1557 3139 ‚

927 3174 1023 3233 Ira
1051 3169 1327 3235 omnium
1357 3170 1672 3235 tardislime
1699 3165 1958 3233 senescit.

630 3254 966 3340 Theognis,
1013 3260 1067 3320 E
1088 3253 1300 3341 squilla
1332 3278 1457 3322 non
1484 3255 1740 3323 nascitur
1766 3254 1914 3320 rosa.

624 3341 902 3407 Macrob.
950 3347 1133 3407 Bonae
1160 3344 1320 3430 leges
1349 3366 1427 3409 ex
1455 3345 1624 3409 malis
1651 3343 1947 3409 moribus.

973 3432 1120 3496 Mali
1148 3432 1311 3497 corvi
1341 3433 1569 3499 malum
1594 3453 1799 3496 ovum.

626 3518 993 3582 zenodotus.
1040 3518 1357 3602 Paupertas
1374 3516 1943 3609 sapientiam=sortita
1971 3518 2076 3589 est.
2100 3590 2103 3593 ,

624 3609 837 3669 Horat.
886 3607 1092 3669 Virtus
1124 3605 1250 3688 post
1276 3628 1578 3671 nummos.
1661 3667 1673 3676 e

622 3690 823 3756 Solon.
869 3695 1077 3757 Finem
1098 3696 1234 3759 vitae
1262 3689 1475 3780 spee'ta.

622 3783 877 3844 Terent.
919 3784 1250 3865 Tanquam
1276 3784 1338 3845 in
1365 3780 1623 3865 speculo.

620 3868 1052 3953 DiogenianuS.
1100 3871 1193 3932 Ne
1223 3890 1437 3955 magna
1469 3870 1751 3955 loquaris.

1095 3957 1291 4023 Suum
1316 3959 1535 4047 cuique
1564 3957 1907 4047 pulchrum.
1946 3962 1953 3969 '

618 4040 876 4107 Plutarc.
928 4040 1251 4128 Te'ipsum
1267 4042 1508 4128 inspice.

918 4134 1121 4195 Homo
1146 4132 1380 4199 homini
1408 4133 1578 4199 deus.

615 4215 874 4281 Plutarc.
923 4217 1127 4282 Gloria
1153 4216 1365 4283 futuri.

616 4304 792 4377 Tull.
839 4306 1112 4392 Largitio
1138 4327 1262 4372 non
1281 4306 1465 4377 habet
1491 4305 1775 4379 fundum.
1803 4252 1808 4256 Ι

1430 4392 1437 4401 “
2307 4396 2557 4464 Terent.
