2850 4850
411 221 1120 316 ANTIQUARII
1190 229 2019 298 COLLECTANEA.

172 366 495 453 sumpfiffe
512 391 786 435 errorem
804 366 984 433 suum
1005 369 1084 433 de
1121 367 1491 432 Eucharistia
1510 392 1587 435 ex
1614 369 1770 435 libro
1795 369 2106 453 cujusdam
2133 394 2267 437 mo·

172 457 376 535 mebi,
399 458 632 542 'quem
662 457 964 521 Wiclivus
980 455 1398 531 Ambro'fium,
1431 472 1537 520 aut
1564 459 1870 522 Ambrosii
1900 458 2265 543 discipulum

169 544 483 610 nominat.
540 546 834 628 Leyland.
876 543 1425 609 Forsan'intellexit
1453 544 1840 610 Ambrofium
1862 547 2261 615 Ausbertum.

258 633 631 698 Alexander
658 635 928 697 Necharn
955 632 1130 717 super
1157 633 1557 696 correctiones
1585 632 1822 700 Bibliae.

257 723 448 785 Idem
477 718 666 806 super
698 720 1139 798 Ecclefiasten.]
1192 726 1396 784 Forma
1423 721 1644 787 decens.

257 743 690 873 Collectiones
719 808 1030 872 Wallenfis
1067 807 1132 871 su
1140 830 1241 892 per
1270 812 1655 874 Matthaeum.

257 899 579 962 Trivetus
608 898 687 961 de
715 896 1078 981 perfectione
1108 896 1404 978 justitiae.]
1458 896 1575 976 Ins
1571 896 1792 961 nuavzt
1818 897 1961 962 mihi
1986 904 2190 983 nuper.

256 987 546 1065 joannes
560 986 938 1068 Bacanthorp
951 986 1026 1047 de
1044 983 1409 1068 perfectione
1418 984 1683 1065 justitiae.
1685 989 1720 1063 ]
1756 990 1972 1052 Utrum
1984 990 2098 1050 Chr
2099 993 2259 1069 stus

259 1076 481 1158 Opera
510 1074 782 1138 Thomae
812 1073 1119 1137 Ualdeni‘
1103 1093 1165 1135 m
1210 1074 1403 1136 tribus
1425 1075 1704 1137 maximis
1734 1074 2150 1142 voluminibus
2178 1076 2260 1141 ad

178 1162 537 1226 Martinum
559 1161 871 1246 quintum.

258 1250 552 1313 Lectura
589 1251 854 1314 Thomae
882 1247 1107 1312 Brome
1133 1248 1472 1313 Carmelitae
1489 1246 1842 1314 Oxonienfis
1870 1249 2258 1316 achademiae.

178 1336 422 1401 Floruit
452 1357 623 1401 anno
659 1359 732 1421 13
745 1340 849 1423 58.
984 1398 991 1405 ,

267 1423 617 1489 Castellum
643 1428 861 1490 amoris
886 1426 1136 1489 Roberti
1157 1421 1442 1501 Grostest,
1475 1425 1703 1489 Gallice
1707 1430 1768 1505 .]
1811 1417 1891 1490 Ki
1918 1427 2042 1490 bien
2054 1430 2249 1510 pensi.

267 1515 457 1589 Ivori,
478 1513 868 1597 provincialis
888 1515 1366 1592 Carmelitarum,
1399 1514 1727 1600 expositio
1712 1536 1775 1579 111
1790 1515 2204 1601 Apocalypsin
2207 1519 2247 1595 ]
2377 1594 2384 1603 l

185 1601 459 1687 Legimus
490 1607 561 1667 in
586 1600 954 1687 ecclesiastica
981 1602 1231 1682 hstoria.

1368 1711 1661 1779 Trialogum

2422 251 2505 321 33

268 1778 603 1861 Uydeford
640 1760 1054 1843 Francrscanus
1096 1794 1304 1843 contra
1330 1782 1700 1864 Catalogum
1728 1779 1994 1846 Uuiclivi
2043 1780 2108 1846 in
2143 1785 2249 1849 18.
2271 1801 2394 1887 Pag.
2420 1815 2507 1863 με

185 1863 477 1931 articulis
492 1868 576 1931 ad
603 1865 1111 1952 archiepiscopum
1139 1871 1428 1931 Cantuar:

267 1956 720 2020 Determinatio
749 1956 993 2019 Ricardi
1017 1954 1422 2038 Fizradulphi,
1456 1951 1886 2039 archiepiscopi
1903 1958 2249 2038 Armacani,

189 2057 397 2105 contra
442 2043 665 2107 fratres
702 2044 1128 2121 mendicantes,
1180 2042 1243 2106 in
1289 2063 1410 2126 qua
1438 2045 1698 2144 primum
1732 2046 1906 2126 ponit
1938 2046 2252 2126 epistolam

192 2129 446 2204 Ioannes
480 2135 678 2216 Papae,
706 2130 1014 2195 deindefic
1037 2129 1318 2214 incipitt]
1367 2132 1484 2192 Sed
1493 2154 1680 2215 quta
1662 2132 1771 2210 ista
1792 2133 2113 2211 constitutio
2135 2136 2249 2200 &c-

193 2217 489 2298 Leyland.
580 2224 654 2281 In
682 2220 802 2282 fine
824 2220 959 2283 libri
982 2219 1255 2281 additum
1281 2234 1425 2293 erat,
1473 2241 1508 2280 6
1528 2218 1801 2301 quodam
1844 2221 2009 2281 bono
2033 2218 2253 2285 scilicet
2285 2274 2286 2279 ,

192 2299 388 2408 fratre,
433 2312 843 2370 Armacanum
884 2306 1253 2370 malitiosum
1279 2305 1448 2369 fuiffe
1477 2308 1845 2383 haereticum,
1900 2309 1959 2368 8c
1995 2307 2250 2375 citatum

194 2409 230 2452 6
251 2389 537 2465 fratrIbus
577 2394 862 2459 Avinioni
898 2416 1101 2459 coram
1130 2395 1484 2460 Innocentio
1511 2392 1677 2460 sexto
1711 2397 2117 2504 comparuisse,
2162 2393 2250 2463 se·

194 2498 455 2566 nemque
485 2484 715 2547 ibidem
737 2485 939 2548 obiiffe
960 2485 1018 2547 &
1045 2479 1344 2567 sepultum
1373 2484 1564 2549 fuisse.

277 2572 554 2656 Rogerus
582 2572 658 2636 de
690 2576 959 2655 Conwey
987 2568 1406 2635 Franciscanus
1447 2588 1659 2634 contra
1691 2572 2250 2645 determinationem

195 2655 514 2723 Armacani
543 2660 622 2724 de
649 2659 956 2725 fratribus,
961 2663 993 2740 ]
1041 2662 1211 2741 Cotys
1181 2656 1274 2741 ff
1249 2683 1298 2721 o
1320 2660 1378 2725 ὠ
1398 2659 1791 2741 pulchritudo.

276 2746 498 2812 Beston
527 2749 846 2811 Carmenta
875 2749 950 2811 de
995 2749 1318 2811 virtutibus
1347 2749 1406 2810 8c
1429 2749 1587 2811 vitiis
1617 2748 1929 2832 oppositis.

274 2836 519 2919 Waleys
548 2834 724 2920 super
748 2835 980 2899 fabulas
1007 2837 1229 2900 Ovidii.

276 2922 666 3007 Baconthorp
690 2925 945 3001 Carmel:
978 2922 1152 3007 super
1181 2924 1364 2987 libros
1397 2924 1774 2990 Ethicorum.

281 3010 712 3076 Lincolnienfis
741 3010 914 3094 super
946 3015 1005 3078 8.
1052 3011 1238 3076 libros
1284 3011 1702 3093 Phyficorurn,
1750 3011 1925 3096 super
1955 3009 2140 3081 libros
2168 3010 2246 3081 de

363 3102 523 3165 coelo
551 3101 609 3163 &
633 3102 890 3166 mundo·
1026 3175 1031 3176 ff

280 3186 451 3252 Idem
478 3186 649 3272 super
677 3189 814 3252 libr·
850 3190 925 3253 de
952 3191 1351 3271 generatione,
1396 3189 1458 3253 &
1484 3186 1670 3253 libros
1698 3192 2131 3257 Meteororum.

281 3274 450 3340 Idem
480 3278 558 3342 de
578 3276 864 3360 potentiis
892 3282 1124 3343 animae.

283 3362 454 3428 Idem
484 3363 657 3449 super
685 3366 1165 3432 Praedicamenta.

282 3447 614 3516 Tractatus
643 3452 901 3534 ejusdem
930 3454 1005 3517 de
1036 3458 1255 3540 Specta,
1311 3441 1326 3474 ²

283 3539 615 3624 Computus
643 3540 922 3624 ejusdem.

283 3621 654 3715 Qaestioxies
681 3627 945 3711 eiusdem
972 3627 1146 3713 super
1168 3627 1353 3693 libros
1376 3628 1760 3701 Ε1111001υ111.

283 3715 541 3780 Praffica
574 3721 961 3793 Geometriae‚
1007 3717 1221 3780 eodem
1248 3731 1478 3782 autore.

279 3804 547 3869 Ockham
574 3803 748 3889 super
781 3810 842 3869 8.
875 3805 1063 3869 libros
1094 3805 1505 3887 Phyficorum.

277 3890 718 3972 Yponostichon
748 3888 1060 3957 Laurentii
1091 3890 1533 3958 DunelmenfiS.

279 3979 485 4045 Guido
511 3982 587 4044 de
613 3982 893 4044 omnibus
915 3981 1251 4046 haeresibus,

192 4145 300 4210 la
280 4066 503 4133 Giraldi
534 4066 915 4139 Cambrenfis
949 4070 1102 4135 liber
1131 4070 1207 4132 de
1236 4066 1472 4132 Walliae
1506 4063 1922 4152 topographia,
1968 4059 2107 4132 sede
2140 4071 2239 4156 3*.,Ι

261 4165 300 4212 t:
343 4157 480 4220 dex.
513 4179 548 4218 a
577 4174 766 4242 tergo,

277 4241 575 4329 Ranulphi
598 4245 925 4329 Higeduni,
975 4207 1299 4317 Casttenfis
1328 4243 1635 4327 monachi,
1681 4240 1944 4311 historia.

280 4329 564 4402 Chronica
591 4335 860 4401 Martini.
1545 4395 1548 4402 2

1733 4470 1739 4475 -
1805 4409 2242 4487 Lineolnienlis
