2850 4850
353 285 439 346 40

257 1485 357 1537 Fro
389 1494 559 1545 stoke-

259 1550 339 1618 ley
370 1567 423 1605 to

920 234 2344 344 JoANN1aLELAND1-

632 398 878 460 Locus
906 399 1013 462 ubi
1036 420 1197 462 nunc
1228 397 1580 463 coenobium
1606 396 1709 475 est,
1756 398 1995 461 videtur
2024 398 2174 461 mihi
2195 399 2307 462 effe
2329 419 2439 465 arx
2463 398 2640 462 inex·

502 522 505 525 ι
590 485 952 569 pugnabilis

672 571 912 635 Pistura
939 575 1145 650 vitrea,
1192 594 1330 657 quae
1381 570 1508 636 est
1494 594 1555 635 in
1598 570 1852 637 elaustro
1899 572 1974 635 de
2021 571 2406 646 Streneshalc,
2451 587 2635 636 mon
2641 618 2650 627 .

571 650 753 734 'strat,
802 662 1033 736 scotos,
1078 662 1187 745 qui
1219 681 1403 743 prope
1443 660 1589 724 fines
1634 661 1975 743 Anglorum
2028 660 2402 733 habitabant,
2456 661 2636 723 fuisse

501 789 508 796 -
590 748 685 810 vel
719 746 793 808 ad
824 709 1113 811 Gulielmi
1155 751 1346 811 Nothi
1392 764 1658 831 tempora
1684 750 2189 830 antropophagOS,
2236 747 2292 809 ἅτ
2328 748 2527 811 hanc
2511 770 2633 810 xm·

589 836 942 898 manitatem
971 858 1002 896 a
1031 836 1445 899 Gulielmianis
1474 837 1676 918 gladio
1706 835 1872 898 fuisse
1906 837 2194 915 punitam.

679 920 835 984 Eska
882 921 989 983 flu·
1037 927 1232 985 oritur
1276 926 1336 985 in
1383 923 1685 997 Eskedale,
1752 923 1960 985 defluit
2002 943 2105 1004 per
2145 920 2493 984 Da'nbeium
2522 943 2629 986 ne·

586 1029 744 1084 mus»,
787 1009 844 1071 &
873 1010 1117 1073 tandem
1147 1011 1307 1094 apud
1339 1012 1745 1073 Streneffialc
1733 1032 1792 1072 m
1823 1031 1984 1072 mare
2015 1008 2068 1071 se
2087 1023 2385 1072 exonerat.

672 1183 794 1246 Pro
817 1184 1016 1246 Wissce
1039 1181 1231 1246 forsan
1257 1098 1834 1268 vulgungsllffigrru
1844 1200 1939 1267 pte
1965 1185 2327 1266 pronuntiat.
2349 1228 2354 1231 -
2421 1186 2552 1247 Hoc
2579 1183 2628 1247 fi

590 1290 802 1336 verum
824 1271 925 1347 est,
967 1269 1087 1335 Isca
1119 1273 1333 1335 refflus
1358 1295 1547 1371 quam
1576 1270 1766 1335 Escha
1790 1276 1999 1336 Latine
2029 1273 2282 1335 dicetur.

2285 1378 2447 1427 stokle
2499 1382 2582 1428 abe

679 1448 936 1513 Levinus
968 1446 1074 1508 flu.
1106 1448 1256 1510 mire
1287 1445 1551 1512 finuosus
1587 1448 1779 1511 oritur
1800 1447 1892 1527 40.
1922 1463 2026 1510 aut
2061 1447 2144 1530 50.
2187 1470 2221 1508 a
2249 1396 2490 1510 Stokleb
2514 1380 2626 1531 opst

622 1569 728 1611 4or.
754 1570 780 1601 a
803 1555 1070 1602 Gisebnrna
1091 1553 1364 1603 miliaribus.
2126 1554 2247 1618 apud
2269 1553 2631 1623 Coldeyngleby

263 1617 500 1693 Rudeby·
486 1627 554 1679 1ii.
592 1622 873 1684 miliario.
903 1622 1042 1682 inde
1073 1643 1175 1704 per
1200 1643 1425 1705 pagum
1447 1619 1864 1687 Rudebensem
1881 1622 2141 1687 defluens
2171 1643 2273 1704 per
2298 1626 2489 1683 Yarne
2517 1644 2622 1702 op:

256 1683 428 1750 myles.

592 1745 619 1775 a
640 1729 789 1776 ferme
809 1745 836 1775 a
859 1728 986 1794 myle
1007 1730 1135 1776 from
1158 1732 1331 1778 Yarne.

590 1797 654 1858 in
689 1794 939 1859 Thefim
968 1794 1022 1858 se
1045 1813 1347 1859 exonerat.

956 1888 1054 1945 Ex
1076 1884 1331 1948 chronico
1360 1887 1571 1948 incerti
1592 1886 1818 1949 autoris
1845 1885 2006 1967 apud
2020 1887 2243 1969 Wytby.

676 1969 881 2032 Scothi
919 1970 1082 2069 quasi
1120 1975 1351 2054 Scythae
1379 1973 1543 2036 dieii.

674 2058 985 2121 Ρίἂεινία
966 2081 999 2119 a
1023 2059 1198 2121 Piffis
1225 2059 1405 2123 dista.

673 2148 843 2207 Deus
876 2146 980 2210 flu:
1012 2148 1301 2230 originem
1330 2148 1496 2209 ducit
1524 2169 1599 2209 ex
1630 2147 1982 2210 Pimbelmer
2019 2147 2172 2209 lacn.

667 2236 748 2295 Et
778 2235 853 2296 de
879 2256 1041 2297 mare
1072 2237 1341 2317 loquens„
1387 2236 1556 2318 quod
1579 2236 1828 2297 Ve&am
1849 2233 1882 2295 a
1902 2237 2204 2297 Britannia
2225 2233 2616 2308 disterminat,

585 2319 667 2383 fic
706 2319 947 2384 scribit:
1019 2329 1060 2356 “
1094 2327 1165 2384 In
1190 2344 1323 2404 quo
1364 2323 1489 2385 bini
1534 2321 1702 2386 aestus
1746 2324 1950 2384 oceani
1993 2325 2265 2404 quotidie
2317 2343 2619 2404 compugq

585 2416 630 2445 “
661 2425 867 2472 nantes
897 2407 1003 2472 fibi
1033 2429 1348 2473 occurrunt
1378 2412 1537 2473 ultra
1566 2432 1629 2472 os
1653 2411 1912 2473 fluminis
1944 2411 2267 2485 Homoleae,
2313 2410 2481 2513 quod
2510 2430 2619 2491 per

588 2503 632 2532 “
665 2511 841 2559 terras
871 2500 1170 2572 Vitarum,
1217 2520 1351 2580 quae
1402 2499 1479 2561 ad
1510 2503 1797 2615 regiones
1842 2496 2257 2561 Gewiseorum
2294 2500 2616 2583 pertinent,

588 2590 635 2621 ‘⁶
665 2583 984 2668 praefaturn
1023 2586 1260 2668 pelagus
1290 2589 1512 2649 intrat.'

666 2676 855 2735 Mona
880 2689 1068 2735 mater
1100 2675 1336 2736 Cambr
1325 2695 1392 2736 1ae
1421 2674 1578 2736 difta
1611 2690 1849 2756 propter
1877 2671 2264 2738 fertilitatem.

1173 2765 1454 2847 Qatuor
1480 2763 1584 2823 viae
1614 2764 2019 2824 Mulmutinae.

666 2848 853 2912 Foffa.

666 2933 1110 3016 Watlynstreat.

663 3021 1083 3106 Exmigestret.

665 3111 1154 3176 Rekenildstrete.

663 3200 1078 3281 snotingham,
1127 3200 1292 3280 quod
1319 3158 1486 3264 sotgat
1517 3196 1927 3280 speluncarum
1951 3197 2193 3260 mans10.

656 3285 909 3349 Videtur
937 3289 1101 3370 quod
1133 3287 1240 3351 flu.
1297 3290 1443 3351 olim
1490 3288 1672 3350 Cluid
1724 3287 1943 3363 distas,
2015 3308 2172 3350 nunc
2201 3286 2251 3350 is
2282 3285 2374 3361 fit,
2424 3306 2614 3369 quem

581 3373 855 3438 Sulwath
882 3391 1114 3438 vocant.

661 3460 873 3524 Eccles
880 3482 912 3523 a
942 3459 1439 3526 Lindisfarnenfis
1479 3460 1593 3526 fuit
1639 3463 1702 3524 in
1733 3459 1941 3539 insula,
1989 3483 2107 3548 que
2157 3482 2320 3524 nunc
2362 3476 2614 3524 vocatur

578 3548 696 3610 Hal
767 3550 957 3611 Iland.

659 3569 1090 3717 BZreokeiliyre
1138 3638 1439 3719 provincia
1494 3657 1713 3700 nomen
1760 3636 1795 3700 s
1790 3633 2061 3717 nmpfit
2036 3660 2069 3698 a
2098 3636 2257 3700 nuda
2290 3655 2514 3719 quercu
2545 3635 2611 3697 in

572 3718 724 3785 saltu
753 3722 1208 3800 Windesorenfi,
1256 3724 1332 3786 ad
1362 3744 1542 3807 quern
1577 3724 1839 3787 solebant
1871 3725 2251 3808 provinciales
2280 3724 2610 3787 convenire.

657 3810 1009 3895 Wileihyre,
1054 3832 1190 3895 quae
1217 3812 1523 3895 quondam
1554 3815 1867 3875 dicebatur
1893 3810 2222 3898 provincia
2229 3813 2564 3874 Severiana.

657 3898 1095 3962 Northumbria
1122 3898 1272 3961 olim
1310 3900 1652 3964 continebat
1684 3916 1869 3964 totam
1900 3917 2138 3976 terram,
2183 3920 2319 3983 quae
2347 3896 2469 3960 est
2453 3912 2613 3959 mter
2709 3921 2718 3940 ·-

568 3982 912 4049 Humbrum
941 3988 1000 4050 &
1031 3986 1314 4051 Tuedam
1346 3987 1582 4052 fluvios.

656 4074 824 4136 Foffa
854 4078 918 4136 S.
943 4076 1273 4137 Edmundi.

653 4163 938 4243 Regnum
966 4161 1305 4225 Deiornm
1278 4185 1312 4224 a
1334 4162 1619 4225 Humbro
1646 4163 1721 4225 ad
1748 4164 1996 4227 Tinam.

651 4249 935 4330 Regnum
957 4251 1413 4317 Berniciorum
1392 4273 1428 4327 a
1446 4250 1602 4320 Tina
1622 4252 1700 4316 ad
1732 4272 1893 4318 mare
1923 4251 2247 4330 Scoticum,
2290 4249 2402 4314 ubi
2431 4247 2610 4331 oppi—

567 4335 721 4402 dum
750 4340 811 4400 S.
842 4338 1086 4418 Joannis
1114 4335 1220 4404 est.
2193 4403 2205 4408 -

2310 4425 2609 4510 Gfiburn.
