2850 4850
904 128 2228 249 JOANNESLELANDI

1071 309 1117 353 S.
1142 308 1196 353 Sa
1197 314 1307 351 turn
1276 319 1385 364 nuS,
1419 311 1501 351 aut
1522 298 1820 349 Saturninus.

650 378 843 453 [Rent
889 372 1008 435 llan
1060 375 1302 435 Saturn.

645 466 806 524 Rent
830 462 947 523 llan
978 458 1262 543 gradivel.
1271 462 1301 535 ]

643 553 673 610 1
703 550 853 610 have
889 553 1026 609 here
1054 547 1166 608 but
1199 565 1300 627 30.
1327 542 1521 607 hedde
1552 540 1808 624 paroche
1835 534 2113 601 chirchis.
2187 537 2310 599 Mr.
2339 525 2618 595 Griffith

556 636 822 700 rekenith
852 656 883 718 3
902 656 954 698 1.
1000 633 1113 696 and
1148 649 1211 696 to
1239 638 1414 695 reken
1451 632 1550 692 the
1580 629 1869 713 chapelles
1901 630 2050 689 witn
2081 625 2251 690 them
2270 622 2348 686 he
2376 635 2613 684 count

555 723 649 787 ith
679 746 715 785 a
754 744 895 786 100.
928 719 1203 785 chirchis.
1284 776 1289 780 .

1150 824 1293 887 The
1322 821 1661 886 hundredes
1685 818 1756 883 of
1794 823 2000 881 Mone.

654 926 903 1008 [Menai.
976 926 1345 1010 Malltrayth.
1425 926 1731 989 LLivone.
1802 927 1865 986 T
1870 919 2178 986 albolhon
2253 913 2611 999 Torkelyn

565 1016 979 1097 Tindaythoy.
986 1018 1018 1091 ]

650 1104 852 1167 There
881 1103 959 1165 be
982 1122 1122 1182 very
1152 1101 1310 1184 good
1336 1100 1514 1183 mylle
1536 1099 1723 1163 stones
1743 1096 1814 1160 of
1829 1097 2032 1172 white,
2081 1093 2282 1171 redde,
2330 1090 2490 1157 blew
2518 1110 2612 1153 an

407 1199 434 1210 ”’
558 1211 738 1276 grene
762 1190 1010 1273 girtheS,
1017 1186 1350 1272 {especially
1381 1211 1458 1270 yn
1493 1193 1592 1269 Ty
1598 1188 1896 1268 ndaythoy
1927 1198 2245 1248 commote.

650 1277 876 1343 There
863 1298 911 1338 ιε
930 1279 1090 1359 good
1121 1276 1489 1366 commodite,
1507 1274 1599 1338 for
1622 1271 1826 1336 fischw
1831 1294 1872 1356 g
1911 1274 2099 1336 about
2122 1272 2180 1334 al
2209 1287 2359 1335 terre
2386 1269 2610 1342 Mone,

561 1365 675 1432 but
708 1365 871 1429 there
898 1357 1143 1427 lakkith
1162 1367 1477 1449 cunning
1462 1364 1577 1427 and
1604 1362 1914 1445 diligence.

1214 1498 1357 1577 Pag.
1390 1515 1495 1574 99,
1534 1510 1694 1557 100.
1707 1505 1939 1554 vacant.

662 1611 1075 1695 [Singhenith,
1121 1612 1182 1675 id
1206 1611 1304 1685 est,
1352 1612 1598 1674 dimidia
1627 1634 1759 1695 pars
1788 1606 2136 1674 cantaredae.

654 1704 874 1781 Ergen,
920 1700 1167 1782 Anglice
1195 1689 1561 1763 Urchinfeld.

653 1791 885 1868 Kreyke
918 1808 997 1867 yn
1044 1809 1163 1868 y,re
1212 1790 1272 1849 id
1303 1785 1404 1861 est,
1456 1787 1662 1849 niveus
1705 1785 1893 1860 colliS,
1939 1805 2016 1847 ex
2061 1801 2182 1864 yr,a
2230 1779 2293 1843 id
2324 1776 2428 1854 est,
2471 1775 2597 1841 nix.

654 1879 800 1947 Bau,
849 1874 911 1935 id
940 1873 1042 1948 est,
1089 1877 1254 1937 locus
1284 1873 1649 1958 affignatusa
1654 1909 1668 1932 2
1711 1874 1872 1992 unde
1911 1875 1969 1934 δι
1998 1885 2230 1935 montes
2260 1866 2608 1938 excelfiores

571 1961 855 2025 dicuntur
885 1961 1100 2026 banne.

656 2054 906 2125 Bancor,
953 2048 1016 2111 id
1045 2047 1147 2125 est,
1192 2048 1407 2112 chorus
1439 2049 1514 2112 de
1543 2047 1702 2112 fama
1727 2046 2037 2111 excellens,

656 2140 794 2198 Mor
824 2138 1095 2210 haveren,
1145 2136 1208 2198 id
1240 2136 1342 2211 est,
1391 2158 1554 2199 mare
1584 2137 1923 2199 Sabrinum.

659 2224 876 2306 Tapha
897 2223 1110 2286 fluvius
1131 2224 1306 2286 habet
1332 2226 1457 2286 duo
1478 2224 1737 2298 brachia,
1770 2244 2035 2306 quorum
2053 2220 2199 2283 alter
2220 2220 2431 2300 major,
2463 2214 2610 2279 alter
2666 2282 2671 2288 ,
2798 2207 2799 2248 ³

571 2310 769 2375 minor
792 2311 999 2394 'sapha
1029 2311 1377 2394 appellatur,
1424 2313 1483 2374 &
1521 2328 1771 2373 currunt
1801 2314 1860 2372 in
1894 2332 2088 2372 unum
2115 2308 2178 2371 in
2206 2305 2504 2393 principio
2530 2305 2609 2368 de

575 2395 932 2477 Singhen'rth
953 2399 1266 2480 adjacentis
1290 2398 1523 2483 regioni
1555 2399 1936 2463 Brecbenioc.

655 2487 1010 2549 Habertawe
1034 2488 1218 2569 vulgo
1248 2503 1629 2570 nuncupatur
1654 2483 1956 2551 Swinseia.

654 2572 838 2636 Barth
870 2572 1026 2636 idem
1050 2573 1132 2636 est
1154 2576 1320 2657 quod
1353 2577 1593 2648 bardus,
1641 2577 1734 2638 vel
1768 2577 1964 2656 poe'ta.

658 2660 764 2721 Ele
787 2660 1003 2721 fluvius
1052 2707 1511 2728 .....
1551 2683 1792 2724 currens
1822 2664 1881 2723 in
1900 2681 2061 2723 mare
2081 2658 2243 2741 apud
2268 2657 2596 2722 Penharth.

659 2746 858 2809 Ddaw
886 2767 1122 2811 currens
1151 2770 1253 2830 per
1278 2762 1424 2831 pont
1449 2770 1618 2830 vayn,
1670 2751 1894 2811 habens
1928 2746 2216 2831 originem
2241 2744 2429 2829 spatio
2451 2747 2647 2831 illiue⁴²

575 2835 843 2916 paffuum
867 2836 1130 2897 duorum
1160 2836 1444 2901 milium
1433 2857 1491 2897 m
1520 2838 1654 2899 loco
1683 2852 1892 2911 vocato
1927 2852 2067 2917 pant
2091 2834 2364 2916 llywyth,
2412 2833 2475 2897 id
2505 2831 2610 2908 est,
2640 2846 2647 2853 '

577 2921 792 2990 vallish
832 2924 1136 2996 collorata,
1161 2921 1242 2984 ’δε
1300 2922 1501 2985 transrt
1538 2923 1599 2985 in
1642 2944 1803 2985 mare
1838 2923 2152 2985 Sabrinum
2204 2921 2368 2986 illinc
2399 2920 2473 2983 ad
2505 2919 2614 3001 tria

576 3008 757 3073 millia
788 3008 1100 3091 passuum
1086 3030 1145 3071 m
1175 3011 1307 3075 loco
1336 3025 1549 3074 vocato
1572 3010 1929 3075 Haberdaw.

665 3100 777 3157 Ew
781 3119 928 3177 eney
956 3097 1191 3158 fluviuS.

664 3176 898 3264 ‘Ogmor
931 3184 1168 3246 fluvius.

668 3269 989 3346 Moithike,
1036 3271 1095 3333 id
1116 3271 1219 3344 est,
1272 3271 1529 3355 Salopia.

666 3360 1044 3420 Monmowth
1078 3358 1389 3421 Cunbirce
1410 3366 1554 3440 Moy
1559 3357 1742 3423 nwefs
1751 3364 1804 3438 ,]
1853 3362 1891 3424 i
1923 3383 1975 3423 e.
2026 3363 2385 3445 Monovaga
2436 3386 2449 3397 “

669 3449 862 3524 [Kayr
894 3452 1096 3526 uyske,
1145 3446 1286 3507 alias
1315 3449 1658 3531 Brynbyga.

661 3534 975 3613 Mertbyne
1004 3532 1214 3614 wylht,
1261 3533 1324 3595 id
1353 3534 1457 3611 est,
1503 3536 1788 3601 merlinus
1817 3534 2083 3598 silvestris
2113 3535 2436 3651 vulgariter
2458 3553 2611 3597 nun-

575 3634 843 3701 cupatrffi.
2410 3654 2413 3659 ·

668 3706 940 3788 Ewenny
956 3706 1165 3769 cellula
1192 3704 1298 3769 sub
1327 3708 1697 3772 monasterio
1719 3707 2084 3773 Glocesttiae.
2376 3748 2379 3755 -

584 3800 587 3802 ’
667 3796 1071 3867 Lancarovan,
1118 3794 1178 3856 id
1208 3793 1311 3868 est,
1357 3797 1526 3859 locus
1546 3798 1903 3882 affignatus
1884 3822 1916 3859 a
1938 3795 2409 3870 ’ce1·viS,distans
2432 3794 2636 3880 spatio*

578 3894 633 3940 tx
638 3881 766 3940 ium
793 3880 1189 3942 milliarium
1166 3903 1198 3942 a
1220 3884 1374 3944 Pont
1405 3904 1574 3963 vayn.
2108 3912 2127 3929 ⁸

663 3966 1038 4042 Habertawe,
1088 3969 1149 4029 id
1180 3967 1284 4040 est,
1333 3967 1598 4050 suonsey.

618 4054 861 4120 Habet
883 4055 1033 4137 doye
1053 4055 1318 4137 glevyth,
1368 4056 1434 4118 id
1461 4056 1565 4141 est,
1612 4078 1679 4120 os
1708 4056 1972 4121 duorum
1999 4056 2361 4151 gladiorum

1059 4246 1264 4298 aAmo
1269 4248 1405 4296 niutb
1410 4247 1572 4312 srefat
1594 4249 1827 4313 adjiciend.
1912 4247 2065 4298 hSic.

1266 4334 1306 4396 7
1814 4320 1821 4333 ¹
2115 4316 2119 4320 ’
2381 4313 2611 4392 Brevic,
