2850 4850
260 198 346 264 =18
799 188 1407 269 JOANNIS
1514 187 2156 252 LELANDI

592 321 931 387 Armandus
981 322 1057 385 de
1106 318 1674 395 transcendentibus,
1719 317 1796 382 de
1841 320 2335 404 praedicamentis,
2378 316 2440 385 δὲ
2466 322 2557 389 in·
2827 264 2830 449 1

507 411 873 474 tentionibus
895 409 1182 473 secundis.

591 496 945 562 Bocchatius
966 497 1042 559 de
1069 496 1277 580 infigni
1302 493 1714 567 obedientia&
1729 493 1852 557 fide
1877 494 2111 562 uxoria.
2825 452 2830 601 l

592 584 963 648 Declamatio
991 584 1243 648 Collntii
1277 583 1457 649 Pierii
1485 581 1830 649 Florentini.

591 677 906 737 Certamen
935 673 1296 755 paupertatis
1322 672 1381 735 &
1407 668 1689 735 fortunae.

589 759 775 824 Liber
800 779 1108 843 poenarum
1138 757 1451 823 Benedicti
1478 759 1554 824 de
1586 758 1755 822 Pileo
1781 759 2043 821 carmine
2071 753 2343 839 scriptus.

588 846 871 922 Ejusdem
900 847 1103 931 ecloga
1121 848 1182 909 in
1206 847 1492 910 honorem
1525 843 1884 931 Sigismundi
1912 847 2304 928 imperatoris.

588 937 795 1002 Erater
825 938 1098 1018 Rogerus
1140 935 1214 999 de
1250 939 1312 1000 S.
1341 938 1524 999 Ivone
1567 949 1771 999 contra
1798 937 2090 1013 joannem
2119 933 2196 997 de
2219 934 2405 1000 veteri
2426 930 2548 999 cas-

501 1038 617 1098 tro,
664 1023 770 1087 ubi
794 1023 918 1107 agit
933 1037 1139 1087 contra
1160 1025 1468 1085 haereticos
1487 1021 1547 1085 &
1567 1022 1931 1086 Lolhardos.

586 1110 818 1173 Musica
844 1109 1048 1175 fratris
1077 1109 1349 1184 Walteri,
1395 1109 1668 1173 monachi
1685 1096 2077 1173 bueshamiae.

585 1198 904 1262 Petrarcha
932 1198 1006 1262 de
1028 1199 1358 1281 ignorantia
1385 1195 1474 1261 sni
1494 1199 1554 1260 8c
1575 1199 1855 1262 aliorum.

480 1358 487 1373 ,
585 1287 1030 1370 Compendium
1057 1286 1202 1370 legis
1230 1283 1482 1361 christit
1516 1285 1575 1348 &
1600 1287 1849 1349 canonis
1869 1281 2011 1347 sacri
2029 1279 2201 1367 super
2217 1304 2280 1364 4.
2309 1284 2541 1350 librum
2827 1310 2830 1379 Ι

356 1448 367 1453 ἱ
495 1369 940 1452 sententiarum,
985 1388 1195 1437 autore
1215 1376 1443 1453 Joanne
1467 1371 1749 1449 Bachone
1770 1373 2066 1450 Carmeli]
2098 1373 2235 1434 Cum
2257 1376 2541 1454 exscrip-

497 1463 887 1541 turisfizcris.
972 1462 1173 1543 Hujus
1198 1463 1395 1542 operis
1422 1462 1567 1524 alias
1606 1459 1689 1524 est
1739 1459 1817 1524 de
1857 1460 1989 1545 lege
2033 1458 2258 1525 Christi
2285 1481 2540 1545 evange·
2827 1426 2830 1535 Ι

492 1547 631 1623 lica,
676 1550 736 1613 8c
763 1549 839 1613 de
865 1550 997 1634 lege
1018 1549 1268 1612 ecclefiae
1294 1548 1601 1613 canonica.
2827 1540 2830 1597 ⁴

446 1638 452 1647 “
493 1722 511 1736 ·
581 1639 674 1700 Ex
678 1636 890 1741 pofitino
909 1635 1179 1722 Magistri
1203 1637 1443 1736 Ijlenrici
1470 1637 1543 1699 de
1560 1635 1868 1712 Effeburn,
1885 1633 2088 1733 fratris
2105 1634 2539 1732 Ifraedicatoris,
2827 1614 2830 1687 l

487 1721 2533 1895 ἕῗέἕὲξῖἓὲᾋῗζῗιῗῒὲὶἆὲἱιὲῗῗῗὶεὲἲῧῖὲεὲἒὲὡὲᾦὲἳῖῗ“ω
2827 1808 2830 1881 ι

574 1904 742 1965 Inem
770 1898 942 1988 super
971 1899 1375 1979 Ecclefiasten‚
1405 1903 1516 1984 qui
1545 1900 1695 1965 liber
1714 1897 1800 1964 est
1822 1914 2108 1983 tanquam
2134 1917 2241 1980 30.
2264 1919 2394 1983 cap.
2425 1899 2531 1963 ad-

2095 2008 2185 2054 bur

481 2072 765 2154 junftnm
809 2076 1143 2161 proverbiis
1185 2074 1544 2141 Solomonis.
1646 2073 1788 2137 Fuit
1835 2074 1934 2138 hic
1980 2071 2307 2176 Effednnus
2352 2074 2534 2157 plane
2827 1996 2830 2153 Ι

487 2186 639 2247 bene
682 2185 917 2263 doGtuS,
962 2204 1033 2249 ut
1061 2188 1163 2250 illa
1196 2180 1468 2252 ferebant
1508 2202 1798 2269 tempora.
1888 2183 2076 2248 Liber
2113 2161 2325 2250 ’autem
2359 2187 2533 2251 dono

488 2272 664 2336 datus
684 2290 808 2336 erat
829 2273 1083 2358 collegio
1104 2274 1368 2358 Regineo
1407 2292 1596 2354 1474.
1933 2275 1947 2287 “

572 2358 996 2425 Defensorium
1011 2362 1302 2425 Gulielmi
1333 2358 1674 2427 Wodeford
1705 2373 1913 2424 contra
1945 2359 2414 2425 Armachannm.
2825 2390 2831 2474 Ι

572 2452 828 2514 Scutum
875 2450 1340 2534 inexpugnabile
1365 2450 1443 2515 ad
1474 2447 1878 2514 defensorium
1922 2449 2064 2514 fidei
2108 2450 2418 2518 catholicae
2448 2452 2528 2515 de

483 2532 850 2620 sacramento
878 2537 1264 2616 eucharistiae‚
1315 2538 1551 2602 editum
1584 2553 1765 2623 atque
1794 2537 2037 2623 publice
2054 2537 2524 2603 determinatum

486 2624 521 2686 a
565 2626 915 2690 Reverendo
965 2629 1134 2710 Mag:
1186 2624 1365 2692 fratre
1411 2628 1643 2703 Joanne
1693 2627 1770 2690 de
1800 2626 2140 2709 Tissington
2192 2626 2267 2689 de
2308 2626 2526 2689 ordine

481 2711 797 2862 lVJinoZum
843 2711 911 2777 in
960 2712 1341 2779 universitate
1367 2715 1575 2800 Oxou:
1614 2718 1840 2797 1381.]
1908 2714 2094 2778 Semel
2131 2712 2398 2799 cotffeffics
2442 2715 2520 2793 est

453 2800 527 2883 fi
545 2803 634 2864 ius
699 2804 772 2865 ei.
1597 2818 1611 2830 ·

430 2939 437 2945 .
563 2887 914 2976 Qotlibeta
946 2887 1212 2953 Fizaker.

564 2974 942 3039 Innocentius
974 2996 1036 3066 3.
1066 2975 1240 3062 super
1273 2997 1333 3058 7.
1364 2975 1629 3045 Psalmos
1657 2976 2109 3062 poenitentialeS.

214 3058 326 3129 hg.
358 3071 431 3113 ¹⁶·
562 3063 846 3126 Rabanus
883 3060 1058 3148 super
1090 3066 1517 3151 Apocalypsin.

558 3150 731 3214 Libri
763 3171 784 3213 1
799 3172 861 3234 9.
886 3173 992 3236 per
1015 3152 1287 3240 dialogos
1307 3155 1383 3220 de
1399 3151 1828 3239 quaestionibus
1854 3156 2281 3229 Armenorum,
2311 3167 2519 3219 autore

472 3240 876 3304 AtmachanO.

557 3327 857 3389 Robertns
888 3326 1057 3391 Prior
1087 3328 1163 3391 de
1193 3326 1579 3414 Bridlington
1613 3328 1675 3393 in
1703 3323 1970 3411 epistolas
2001 3327 2191 3394 Pauli.
2422 3360 2432 3374 ·
2569 3343 2584 3374 ³

560 3414 792 3476 Dostor
821 3414 1106 3478 Nicolaus
1139 3416 1432 3492 Radeclif‚
1483 3418 1810 3481 monachus
1841 3420 1904 3481 S.
1932 3416 2173 3491 Albani,
2218 3436 2288 3482 ac
2313 3413 2508 3481 archi-

471 3500 762 3565 diaconus
789 3500 1056 3583 ejusdem
1083 3503 1221 3579 loci,
1268 3506 1347 3567 de
1367 3503 1586 3568 viatico
1618 3501 1857 3568 salutari
1890 3504 2105 3568 anirnae
2128 3502 2512 3577 immortalis,

469 3587 585 3652 five
624 3586 701 3652 de
738 3585 1103 3654 sacramento
1130 3591 1517 3669 eucharistiae,
1554 3592 1787 3673 justum
1833 3593 2117 3655 volumen
2170 3612 2273 3676 per
2318 3587 2509 3658 dialo-

465 3697 639 3759 gum,
685 3675 751 3739 in
778 3698 904 3760 quo
934 3678 1384 3744 interlocutores
1415 3684 1626 3745 Petrus
1652 3680 1709 3742 &
1731 3678 2067 3758 Nicolaum]
2114 3682 2253 3744 Cum
2278 3692 2501 3744 tortuo-

444 3766 558 3850 sus
591 3766 648 3830 (π
680 3764 915 3828 callidus
950 3766 1316 3850 illestrpens.

551 3851 848 3934 Dokking
871 3853 1041 3936 super
1073 3858 1325 3919 Lucam.

547 3938 847 4022 Apologia
891 3941 1205 4006 Pecehami
1254 3957 1459 4006 contra
1504 3941 1924 4027 impugnantes
1973 3957 2381 4030 paupertatem
2407 3940 2505 4006 vel

463 4024 914 4091 mendicitatem
943 4029 1253 4107 fratrum]
1279 4033 1606 4113 'Perfeaefius
1635 4033 1811 4093 omnis
1833 4033 1975 4096 erit.
2541 4085 2546 4090 -
2631 4027 2636 4030 ’

549 4111 811 4195 Epistola
839 4112 1034 4180 fratris
1068 4115 1494 4186 Bonaventurae
1544 4118 1619 4179 de
1666 4117 1878 4181 ordine
1920 4117 2238 4182 Minorum
2276 4117 2353 4180 ad
2380 4113 2501 4178 fra·

458 4214 620 4278 trem
649 4204 961 4281 Rogemm
992 4201 1248 4271 Bachon.
1306 4206 1496 4272 Index
1525 4221 1726 4272 tamen
1748 4204 1826 4269 sic
1846 4206 2059 4272 habuit
2085 4231 2101 4269 e
2150 4210 2267 4271 Pro
2300 4203 2504 4268 Bono·

457 4306 703 4374 ventura
734 4290 1049 4355 Peccham.

808 4400 841 4456 7
2244 4374 2504 4446 Hzreses
