2850 4850
441 175 1150 261 ANTIQUARH
1203 174 2067 246 .cQLLEcTANEA.

308 311 579 374 Homer.
625 312 800 371 Unus
827 306 1162 371 multorum
1183 303 1384 371 instar.
1981 379 1987 384 ,

296 396 589 461 Pittacus
611 410 718 459 aut
741 397 948 459 Solon.
995 387 1377 480 Magistratus
1407 396 1611 458 virum
1638 393 1907 460 indicat.-

303 486 589 549 Plutarc.
633 487 751 546 Res
781 481 947 570 publ.
986 485 1185 546 virum
1216 481 1408 547 docet.

219 575 222 590 '
293 570 496 636 Tull.
543 574 761 634 Emere
789 568 949 632 malo
970 589 1156 651 quam
1177 585 1402 654 rogare.

293 658 497 722 Tull.
548 657 789 743 Dignus
818 659 923 740 qui
964 670 1102 720 cum
1133 658 1192 720 in
1226 657 1478 720 tenebris
1510 659 1713 724 mices.

289 747 641 810 Lucianus.
685 743 877 809 Simia
902 739 1124 826 semper
1151 741 1237 807 est
1273 744 1467 807 fimia.

679 833 828 894 Alia
844 832 966 894 vita
992 831 1106 894 alia
1129 832 1328 896 diaeta.

285 922 567 985 Terent:
616 921 912 983 Omnium
940 939 1136 982 rerum
1161 919 1496 983 viciffitudo
1521 916 1626 984 est.
1702 917 1709 924 ’

285 1008 464 1073 Plin:
514 1011 712 1072 Nemo
738 1006 1021 1071 omnibus
1047 1006 1210 1088 horis
1236 1003 1407 1091 sapit.

279 1098 558 1160 Homer.
604 1091 826 1177 Aspera
850 1092 992 1167 vita,
1036 1089 1431 1159 sed'salubriS.

281 1185 522 1246 Horat:
572 1185 844 1246 Corvum
872 1180 1086 1245 delufit
1114 1181 1403 1247 hiantem.

280 1273 561 1335 Terent.
609 1273 784 1352 Spem
816 1271 1008 1352 pretio
1032 1289 1250 1334 emere.
1275 1284 1290 1298 ·
1359 1288 1363 1291 ⁴

277 1355 479 1442 Virg.
524 1356 777 1420 Fuimus
806 1358 1017 1424 Tro‘de.

281 1381 607 1527 Syngefius.
657 1443 972 1512 Leviffima
1002 1464 1093 1508 res
1120 1441 1337 1509 oratio.

285 1532 588 1598 Tullius.
630 1533 851 1595 Fontes
879 1532 987 1615 ipfi
1017 1530 1243 1596 fitiunt.

615 1619 1073 1702 Compendiaria
1099 1639 1189 1683 res
1225 1617 1603 1705 improbitas.

621 1708 720 1769 Ne
748 1707 927 1771 verba
956 1728 1067 1790 pro
1090 1705 1299 1773 farina.

622 1796 790 1857 Mars
822 1795 1198 1858 communis,

275 1878 641 1963 Menippus.
682 1878 886 1948 Nescis
913 1881 1066 1965 quid
1089 1878 1246 1944 serus
1275 1879 1480 1967 vesper
1506 1880 1708 1946 vehat.

281 1966 625 2034 Lucianus.
670 1972 931 2053 Euripus
960 1970 1164 2032 horno,

668 2058 727 2119 A
751 2076 904 2139 puro
924 2076 1071 2139 pura
1085 2055 1317 2120 defluet
1337 2075 1545 2140 aqua.

280 2141 564 2206 Tertull.
614 2146 891 2228 Tempus
916 2142 1120 2207 omnia
1147 2146 1380 2209 revelat.

281 2231 620 2311 Tryphon.
666 2233 881 2315 Neque
908 2230 1044 2307 mel,
1087 2252 1284 2315 neque
1309 2251 1468 2315 apeS.

281 2319 544 2382 sueton.
590 2320 799 2382 Artem
828 2319 1054 2401 quaevis
1081 2318 1189 2383 alit
1219 2335 1396 2384 terra.

594 2406 759 2471 Mala
785 2407 947 2471 ultro
967 2403 1200 2473 adsunt.

280 2488 629 2574 AEschylus.
674 2494 1032 2559 obedientia
1050 2492 1349 2560 felicitatis
1376 2507 1589 2558 mater.

278 2577 622 2647 Pausanias.
666 2578 961 2647 Adonidis
990 2583 1169 2649 horti.

545 2680 552 2685 '
666 2667 880 2734 Rosam
908 2690 1052 2754 quae
1075 2670 1362 2754 praeteriit
1390 2690 1466 2732 ne
1495 2685 1726 2754 quaeras
1741 2663 1986 2732 iterum.

279 2756 536 2820 Homer.
584 2757 895 2835 Jae'tantiae
924 2777 1121 2822 comes
1149 2756 1393 2821 invidia.

282 2842 587 2906 Herodot:
636 2843 875 2908 Praestat
901 2844 1261 2909 invidiosum
1280 2845 1412 2908 effe.

277 2928 475 2992 Plato.
521 2933 622 2995 Bis
650 2952 718 2994 ac
744 2947 832 2996 ter
856 2934 1025 3014 quod
1056 2934 1400 3016 pulchrum.

276 3014 530 3080 Aristot-
574 3020 794 3083 Nullus
821 3020 1101 3083 delcetus.

278 3102 535 3169 Aristot.
580 3109 787 3169 Virtus
814 3105 1088 3191 simplex.

570 3196 665 3257 Ne
692 3200 935 3257 moveto
959 3194 1194 3259 liueam.

272 3278 541 3343 Plutarc:
589 3281 923 3364 AEqualitas
952 3281 1112 3344 haud
1142 3252 1297 3365 parit
1327 3278 1574 3342 bellum.

275 3361 475 3431 Plato.
519 3370 677 3455 Quae
703 3388 823 3432 non
854 3366 1095 3452 posuisti
1124 3389 1197 3431 ne
1226 3369 1415 3432 tollaS.

134 3460 140 3464 ’
275 3454 558 3530 Juvenal.
609 3458 733 3519 Dat
761 3455 998 3520 veniam
1026 3457 1235 3529 corvis,
1279 3469 1459 3518 vexat
1475 3448 1717 3518 censura
1743 3448 2074 3519 columbas.

276 3540 519 3626 Pythag
520 3548 789 3627 .1gneln
815 3542 1022 3628 gladio
1049 3564 1123 3608 ne
1148 3539 1367 3651 fodito.

275 3627 531 3713 Pythag.
577 3634 700 3694 Cor
732 3651 807 3695 ne
825 3630 1008 3694 edito.

272 3719 565 3780 Socrates.
613 3717 933 3823 Optimum
958 3715 1423 3783 condimentum
1449 3713 1655 3782 fames.

274 3807 517 3869 Seneca.
563 3801 666 3869 Bis
692 3804 797 3868 dat
825 3807 933 3890 qui
962 3806 1085 3869 cito
1112 3803 1237 3867 dat.
1293 3812 1296 3821 '

273 3887 597 3956 Ausonius.
644 3896 893 3960 Promus
921 3895 1109 3981 magis
1138 3912 1319 3976 quam
1348 3890 1600 3959 condus.

269 3979 516 4042 Terent.
566 3977 946 4064 Obsequium
984 3980 1232 4078 amicos.
1271 3979 1483 4044 veritas
1510 3979 1718 4045 odium
1749 3977 1939 4064 Ῑιειιῆι.χ

268 4065 618 4130 Athenaeus.
670 4002 768 4130 Inq
775 4070 918 4130 vino
943 4067 1181 4131 veritas.

273 4151 546 4216 Tullius.
597 4155 820 4226 Libero
844 4155 1003 4219 1ea0
1030 4153 1179 4218 nihil
1200 4142 1577 4236 jucundius.
1628 4218 1639 4245 ἱ

267 4239 511 4309 Terent.
557 4241 754 4323 Vixit,
798 4243 951 4311 dum
979 4240 1172 4337 vixit„
1199 4242 1374 4309 hene.

1229 4334 1287 4394 R
1333 4348 1373 4399 2
1440 4348 1453 4359 ⁴
1626 4330 1631 4339 '
1743 4328 1787 4365 ῥ’
1872 4310 2245 4395 Athenaeis.

2405 193 2529 278 33¹!

2406 293 2419 306 1·
2502 293 2521 306 fi
